%YAML 1.1
%TAG !u! tag:unity3d.com,2011:
--- !u!29 &1
OcclusionCullingSettings:
  m_ObjectHideFlags: 0
  serializedVersion: 2
  m_OcclusionBakeSettings:
    smallestOccluder: 5
    smallestHole: 0.25
    backfaceThreshold: 100
  m_SceneGUID: 00000000000000000000000000000000
  m_OcclusionCullingData: {fileID: 0}
--- !u!104 &2
RenderSettings:
  m_ObjectHideFlags: 0
  serializedVersion: 8
  m_Fog: 0
  m_FogColor: {r: 0.5, g: 0.5, b: 0.5, a: 1}
  m_FogMode: 3
  m_FogDensity: 0.01
  m_LinearFogStart: 0
  m_LinearFogEnd: 300
  m_AmbientSkyColor: {r: 0.212, g: 0.227, b: 0.259, a: 1}
  m_AmbientEquatorColor: {r: 0.114, g: 0.125, b: 0.133, a: 1}
  m_AmbientGroundColor: {r: 0.047, g: 0.043, b: 0.035, a: 1}
  m_AmbientIntensity: 1
  m_AmbientMode: 0
  m_SubtractiveShadowColor: {r: 0.42, g: 0.478, b: 0.627, a: 1}
  m_SkyboxMaterial: {fileID: 10304, guid: 0000000000000000f000000000000000, type: 0}
  m_HaloStrength: 0.5
  m_FlareStrength: 1
  m_FlareFadeSpeed: 3
  m_HaloTexture: {fileID: 0}
  m_SpotCookie: {fileID: 10001, guid: 0000000000000000e000000000000000, type: 0}
  m_DefaultReflectionMode: 0
  m_DefaultReflectionResolution: 128
  m_ReflectionBounces: 1
  m_ReflectionIntensity: 1
  m_CustomReflection: {fileID: 0}
  m_Sun: {fileID: 0}
  m_IndirectSpecularColor: {r: 0.44657868, g: 0.49641263, b: 0.57481706, a: 1}
--- !u!157 &3
LightmapSettings:
  m_ObjectHideFlags: 0
  serializedVersion: 11
  m_GIWorkflowMode: 0
  m_GISettings:
    serializedVersion: 2
    m_BounceScale: 1
    m_IndirectOutputScale: 1
    m_AlbedoBoost: 1
    m_TemporalCoherenceThreshold: 1
    m_EnvironmentLightingMode: 0
    m_EnableBakedLightmaps: 1
    m_EnableRealtimeLightmaps: 1
  m_LightmapEditorSettings:
    serializedVersion: 9
    m_Resolution: 2
    m_BakeResolution: 40
    m_TextureWidth: 1024
    m_TextureHeight: 1024
    m_AO: 0
    m_AOMaxDistance: 1
    m_CompAOExponent: 1
    m_CompAOExponentDirect: 0
    m_Padding: 2
    m_LightmapParameters: {fileID: 0}
    m_LightmapsBakeMode: 1
    m_TextureCompression: 1
    m_FinalGather: 0
    m_FinalGatherFiltering: 1
    m_FinalGatherRayCount: 256
    m_ReflectionCompression: 2
    m_MixedBakeMode: 2
    m_BakeBackend: 0
    m_PVRSampling: 1
    m_PVRDirectSampleCount: 32
    m_PVRSampleCount: 500
    m_PVRBounces: 2
    m_PVRFiltering: 0
    m_PVRFilteringMode: 1
    m_PVRCulling: 1
    m_PVRFilteringGaussRadiusDirect: 1
    m_PVRFilteringGaussRadiusIndirect: 5
    m_PVRFilteringGaussRadiusAO: 2
    m_PVRFilteringAtrousColorSigma: 1
    m_PVRFilteringAtrousNormalSigma: 1
    m_PVRFilteringAtrousPositionSigma: 1
  m_LightingDataAsset: {fileID: 0}
  m_UseShadowmask: 1
--- !u!196 &4
NavMeshSettings:
  serializedVersion: 2
  m_ObjectHideFlags: 0
  m_BuildSettings:
    serializedVersion: 2
    agentTypeID: 0
    agentRadius: 0.5
    agentHeight: 2
    agentSlope: 45
    agentClimb: 0.4
    ledgeDropHeight: 0
    maxJumpAcrossDistance: 0
    minRegionArea: 2
    manualCellSize: 0
    cellSize: 0.16666667
    manualTileSize: 0
    tileSize: 256
    accuratePlacement: 0
  m_NavMeshData: {fileID: 0}
--- !u!1001 &40030227
Prefab:
  m_ObjectHideFlags: 0
  serializedVersion: 2
  m_Modification:
    m_TransformParent: {fileID: 1765598651}
    m_Modifications:
    - target: {fileID: 4259776537469576, guid: 899057c0eed3058408c14a590671bacf, type: 2}
      propertyPath: m_LocalPosition.x
      value: -5.37
      objectReference: {fileID: 0}
    - target: {fileID: 4259776537469576, guid: 899057c0eed3058408c14a590671bacf, type: 2}
      propertyPath: m_LocalPosition.y
      value: 0.5
      objectReference: {fileID: 0}
    - target: {fileID: 4259776537469576, guid: 899057c0eed3058408c14a590671bacf, type: 2}
      propertyPath: m_LocalPosition.z
      value: -3.44
      objectReference: {fileID: 0}
    - target: {fileID: 4259776537469576, guid: 899057c0eed3058408c14a590671bacf, type: 2}
      propertyPath: m_LocalRotation.x
      value: 0.46193978
      objectReference: {fileID: 0}
    - target: {fileID: 4259776537469576, guid: 899057c0eed3058408c14a590671bacf, type: 2}
      propertyPath: m_LocalRotation.y
      value: 0.19134173
      objectReference: {fileID: 0}
    - target: {fileID: 4259776537469576, guid: 899057c0eed3058408c14a590671bacf, type: 2}
      propertyPath: m_LocalRotation.z
      value: 0.19134173
      objectReference: {fileID: 0}
    - target: {fileID: 4259776537469576, guid: 899057c0eed3058408c14a590671bacf, type: 2}
      propertyPath: m_LocalRotation.w
      value: 0.84462327
      objectReference: {fileID: 0}
    - target: {fileID: 4259776537469576, guid: 899057c0eed3058408c14a590671bacf, type: 2}
      propertyPath: m_RootOrder
      value: 9
      objectReference: {fileID: 0}
    - target: {fileID: 4259776537469576, guid: 899057c0eed3058408c14a590671bacf, type: 2}
      propertyPath: m_LocalScale.y
      value: 0.50000006
      objectReference: {fileID: 0}
    - target: {fileID: 4259776537469576, guid: 899057c0eed3058408c14a590671bacf, type: 2}
      propertyPath: m_LocalScale.z
      value: 0.50000024
      objectReference: {fileID: 0}
    - target: {fileID: 1429795286357408, guid: 899057c0eed3058408c14a590671bacf, type: 2}
      propertyPath: m_Name
      value: PickUp (9)
      objectReference: {fileID: 0}
    m_RemovedComponents: []
  m_ParentPrefab: {fileID: 100100000, guid: 899057c0eed3058408c14a590671bacf, type: 2}
  m_IsPrefabParent: 0
--- !u!4 &40030228 stripped
Transform:
  m_PrefabParentObject: {fileID: 4259776537469576, guid: 899057c0eed3058408c14a590671bacf,
    type: 2}
  m_PrefabInternal: {fileID: 40030227}
--- !u!1001 &157972514
Prefab:
  m_ObjectHideFlags: 0
  serializedVersion: 2
  m_Modification:
    m_TransformParent: {fileID: 229298206}
    m_Modifications:
    - target: {fileID: 4653694232920410, guid: 1d226d592e8fe3343a51bac76e8da6bb, type: 2}
      propertyPath: m_LocalPosition.x
      value: 6.97
      objectReference: {fileID: 0}
    - target: {fileID: 4653694232920410, guid: 1d226d592e8fe3343a51bac76e8da6bb, type: 2}
      propertyPath: m_LocalPosition.y
      value: 0.5
      objectReference: {fileID: 0}
    - target: {fileID: 4653694232920410, guid: 1d226d592e8fe3343a51bac76e8da6bb, type: 2}
      propertyPath: m_LocalPosition.z
      value: -0.57
      objectReference: {fileID: 0}
    - target: {fileID: 4653694232920410, guid: 1d226d592e8fe3343a51bac76e8da6bb, type: 2}
      propertyPath: m_LocalRotation.x
      value: 0.08189964
      objectReference: {fileID: 0}
    - target: {fileID: 4653694232920410, guid: 1d226d592e8fe3343a51bac76e8da6bb, type: 2}
      propertyPath: m_LocalRotation.y
      value: 0.34071878
      objectReference: {fileID: 0}
    - target: {fileID: 4653694232920410, guid: 1d226d592e8fe3343a51bac76e8da6bb, type: 2}
      propertyPath: m_LocalRotation.z
      value: 0.029809043
      objectReference: {fileID: 0}
    - target: {fileID: 4653694232920410, guid: 1d226d592e8fe3343a51bac76e8da6bb, type: 2}
      propertyPath: m_LocalRotation.w
      value: -0.93611676
      objectReference: {fileID: 0}
    - target: {fileID: 4653694232920410, guid: 1d226d592e8fe3343a51bac76e8da6bb, type: 2}
      propertyPath: m_RootOrder
      value: 7
      objectReference: {fileID: 0}
    - target: {fileID: 4653694232920410, guid: 1d226d592e8fe3343a51bac76e8da6bb, type: 2}
      propertyPath: m_LocalEulerAnglesHint.x
      value: -10
      objectReference: {fileID: 0}
    - target: {fileID: 4653694232920410, guid: 1d226d592e8fe3343a51bac76e8da6bb, type: 2}
      propertyPath: m_LocalEulerAnglesHint.y
      value: 320
      objectReference: {fileID: 0}
    - target: {fileID: 4653694232920410, guid: 1d226d592e8fe3343a51bac76e8da6bb, type: 2}
      propertyPath: m_LocalScale.z
      value: 1.0000002
      objectReference: {fileID: 0}
    - target: {fileID: 1185959128344102, guid: 1d226d592e8fe3343a51bac76e8da6bb, type: 2}
      propertyPath: m_Name
      value: Snowman (7)
      objectReference: {fileID: 0}
    m_RemovedComponents: []
  m_ParentPrefab: {fileID: 100100000, guid: 1d226d592e8fe3343a51bac76e8da6bb, type: 2}
  m_IsPrefabParent: 0
--- !u!4 &157972515 stripped
Transform:
  m_PrefabParentObject: {fileID: 4653694232920410, guid: 1d226d592e8fe3343a51bac76e8da6bb,
    type: 2}
  m_PrefabInternal: {fileID: 157972514}
--- !u!1001 &193620010
Prefab:
  m_ObjectHideFlags: 0
  serializedVersion: 2
  m_Modification:
    m_TransformParent: {fileID: 1765598651}
    m_Modifications:
    - target: {fileID: 4259776537469576, guid: 899057c0eed3058408c14a590671bacf, type: 2}
      propertyPath: m_LocalPosition.x
      value: -5.01
      objectReference: {fileID: 0}
    - target: {fileID: 4259776537469576, guid: 899057c0eed3058408c14a590671bacf, type: 2}
      propertyPath: m_LocalPosition.y
      value: 0.5
      objectReference: {fileID: 0}
    - target: {fileID: 4259776537469576, guid: 899057c0eed3058408c14a590671bacf, type: 2}
      propertyPath: m_LocalPosition.z
      value: 0.21
      objectReference: {fileID: 0}
    - target: {fileID: 4259776537469576, guid: 899057c0eed3058408c14a590671bacf, type: 2}
      propertyPath: m_LocalRotation.x
      value: 0.46193978
      objectReference: {fileID: 0}
    - target: {fileID: 4259776537469576, guid: 899057c0eed3058408c14a590671bacf, type: 2}
      propertyPath: m_LocalRotation.y
      value: 0.19134173
      objectReference: {fileID: 0}
    - target: {fileID: 4259776537469576, guid: 899057c0eed3058408c14a590671bacf, type: 2}
      propertyPath: m_LocalRotation.z
      value: 0.19134173
      objectReference: {fileID: 0}
    - target: {fileID: 4259776537469576, guid: 899057c0eed3058408c14a590671bacf, type: 2}
      propertyPath: m_LocalRotation.w
      value: 0.84462327
      objectReference: {fileID: 0}
    - target: {fileID: 4259776537469576, guid: 899057c0eed3058408c14a590671bacf, type: 2}
      propertyPath: m_RootOrder
      value: 10
      objectReference: {fileID: 0}
    - target: {fileID: 4259776537469576, guid: 899057c0eed3058408c14a590671bacf, type: 2}
      propertyPath: m_LocalScale.y
      value: 0.50000006
      objectReference: {fileID: 0}
    - target: {fileID: 4259776537469576, guid: 899057c0eed3058408c14a590671bacf, type: 2}
      propertyPath: m_LocalScale.z
      value: 0.50000024
      objectReference: {fileID: 0}
    - target: {fileID: 1429795286357408, guid: 899057c0eed3058408c14a590671bacf, type: 2}
      propertyPath: m_Name
      value: PickUp (10)
      objectReference: {fileID: 0}
    m_RemovedComponents: []
  m_ParentPrefab: {fileID: 100100000, guid: 899057c0eed3058408c14a590671bacf, type: 2}
  m_IsPrefabParent: 0
--- !u!4 &193620011 stripped
Transform:
  m_PrefabParentObject: {fileID: 4259776537469576, guid: 899057c0eed3058408c14a590671bacf,
    type: 2}
  m_PrefabInternal: {fileID: 193620010}
--- !u!1 &229298205
GameObject:
  m_ObjectHideFlags: 0
  m_PrefabParentObject: {fileID: 0}
  m_PrefabInternal: {fileID: 0}
  serializedVersion: 5
  m_Component:
  - component: {fileID: 229298206}
  m_Layer: 0
  m_Name: Snowmans
  m_TagString: Untagged
  m_Icon: {fileID: 0}
  m_NavMeshLayer: 0
  m_StaticEditorFlags: 0
  m_IsActive: 1
--- !u!4 &229298206
Transform:
  m_ObjectHideFlags: 0
  m_PrefabParentObject: {fileID: 0}
  m_PrefabInternal: {fileID: 0}
  m_GameObject: {fileID: 229298205}
  m_LocalRotation: {x: 0, y: 0, z: 0, w: 1}
  m_LocalPosition: {x: 0, y: 0, z: 0}
  m_LocalScale: {x: 1, y: 1, z: 1}
  m_Children:
  - {fileID: 1820513784}
  - {fileID: 1202763014}
  - {fileID: 1853986692}
  - {fileID: 1703899511}
  - {fileID: 1065264596}
  - {fileID: 820199266}
  - {fileID: 1857857340}
  - {fileID: 157972515}
  - {fileID: 325291553}
  - {fileID: 1424055322}
  - {fileID: 973846364}
  m_Father: {fileID: 0}
  m_RootOrder: 8
  m_LocalEulerAnglesHint: {x: 0, y: 0, z: 0}
--- !u!1001 &325291552
Prefab:
  m_ObjectHideFlags: 0
  serializedVersion: 2
  m_Modification:
    m_TransformParent: {fileID: 229298206}
    m_Modifications:
    - target: {fileID: 4653694232920410, guid: 1d226d592e8fe3343a51bac76e8da6bb, type: 2}
      propertyPath: m_LocalPosition.x
      value: 6.01
      objectReference: {fileID: 0}
    - target: {fileID: 4653694232920410, guid: 1d226d592e8fe3343a51bac76e8da6bb, type: 2}
      propertyPath: m_LocalPosition.y
      value: 0.5
      objectReference: {fileID: 0}
    - target: {fileID: 4653694232920410, guid: 1d226d592e8fe3343a51bac76e8da6bb, type: 2}
      propertyPath: m_LocalPosition.z
      value: 2.76
      objectReference: {fileID: 0}
    - target: {fileID: 4653694232920410, guid: 1d226d592e8fe3343a51bac76e8da6bb, type: 2}
      propertyPath: m_LocalRotation.x
      value: 0.022557572
      objectReference: {fileID: 0}
    - target: {fileID: 4653694232920410, guid: 1d226d592e8fe3343a51bac76e8da6bb, type: 2}
      propertyPath: m_LocalRotation.y
      value: 0.96225023
      objectReference: {fileID: 0}
    - target: {fileID: 4653694232920410, guid: 1d226d592e8fe3343a51bac76e8da6bb, type: 2}
      propertyPath: m_LocalRotation.z
      value: 0.084186025
      objectReference: {fileID: 0}
    - target: {fileID: 4653694232920410, guid: 1d226d592e8fe3343a51bac76e8da6bb, type: 2}
      propertyPath: m_LocalRotation.w
      value: -0.2578341
      objectReference: {fileID: 0}
    - target: {fileID: 4653694232920410, guid: 1d226d592e8fe3343a51bac76e8da6bb, type: 2}
      propertyPath: m_RootOrder
      value: 8
      objectReference: {fileID: 0}
    - target: {fileID: 4653694232920410, guid: 1d226d592e8fe3343a51bac76e8da6bb, type: 2}
      propertyPath: m_LocalEulerAnglesHint.x
      value: -10
      objectReference: {fileID: 0}
    - target: {fileID: 4653694232920410, guid: 1d226d592e8fe3343a51bac76e8da6bb, type: 2}
      propertyPath: m_LocalEulerAnglesHint.y
      value: 210
      objectReference: {fileID: 0}
    - target: {fileID: 4653694232920410, guid: 1d226d592e8fe3343a51bac76e8da6bb, type: 2}
      propertyPath: m_LocalScale.z
      value: 1.0000002
      objectReference: {fileID: 0}
    - target: {fileID: 1185959128344102, guid: 1d226d592e8fe3343a51bac76e8da6bb, type: 2}
      propertyPath: m_Name
      value: Snowman (8)
      objectReference: {fileID: 0}
    m_RemovedComponents: []
  m_ParentPrefab: {fileID: 100100000, guid: 1d226d592e8fe3343a51bac76e8da6bb, type: 2}
  m_IsPrefabParent: 0
--- !u!4 &325291553 stripped
Transform:
  m_PrefabParentObject: {fileID: 4653694232920410, guid: 1d226d592e8fe3343a51bac76e8da6bb,
    type: 2}
  m_PrefabInternal: {fileID: 325291552}
--- !u!1001 &404744455
Prefab:
  m_ObjectHideFlags: 0
  serializedVersion: 2
  m_Modification:
    m_TransformParent: {fileID: 1765598651}
    m_Modifications:
    - target: {fileID: 4259776537469576, guid: 899057c0eed3058408c14a590671bacf, type: 2}
      propertyPath: m_LocalPosition.x
      value: -0.55
      objectReference: {fileID: 0}
    - target: {fileID: 4259776537469576, guid: 899057c0eed3058408c14a590671bacf, type: 2}
      propertyPath: m_LocalPosition.y
      value: 0.5
      objectReference: {fileID: 0}
    - target: {fileID: 4259776537469576, guid: 899057c0eed3058408c14a590671bacf, type: 2}
      propertyPath: m_LocalPosition.z
      value: -8.97
      objectReference: {fileID: 0}
    - target: {fileID: 4259776537469576, guid: 899057c0eed3058408c14a590671bacf, type: 2}
      propertyPath: m_LocalRotation.x
      value: 0.46193978
      objectReference: {fileID: 0}
    - target: {fileID: 4259776537469576, guid: 899057c0eed3058408c14a590671bacf, type: 2}
      propertyPath: m_LocalRotation.y
      value: 0.19134173
      objectReference: {fileID: 0}
    - target: {fileID: 4259776537469576, guid: 899057c0eed3058408c14a590671bacf, type: 2}
      propertyPath: m_LocalRotation.z
      value: 0.19134173
      objectReference: {fileID: 0}
    - target: {fileID: 4259776537469576, guid: 899057c0eed3058408c14a590671bacf, type: 2}
      propertyPath: m_LocalRotation.w
      value: 0.84462327
      objectReference: {fileID: 0}
    - target: {fileID: 4259776537469576, guid: 899057c0eed3058408c14a590671bacf, type: 2}
      propertyPath: m_RootOrder
      value: 7
      objectReference: {fileID: 0}
    - target: {fileID: 4259776537469576, guid: 899057c0eed3058408c14a590671bacf, type: 2}
      propertyPath: m_LocalScale.y
      value: 0.50000006
      objectReference: {fileID: 0}
    - target: {fileID: 4259776537469576, guid: 899057c0eed3058408c14a590671bacf, type: 2}
      propertyPath: m_LocalScale.z
      value: 0.50000024
      objectReference: {fileID: 0}
    - target: {fileID: 1429795286357408, guid: 899057c0eed3058408c14a590671bacf, type: 2}
      propertyPath: m_Name
      value: PickUp (7)
      objectReference: {fileID: 0}
    m_RemovedComponents: []
  m_ParentPrefab: {fileID: 100100000, guid: 899057c0eed3058408c14a590671bacf, type: 2}
  m_IsPrefabParent: 0
--- !u!4 &404744456 stripped
Transform:
  m_PrefabParentObject: {fileID: 4259776537469576, guid: 899057c0eed3058408c14a590671bacf,
    type: 2}
  m_PrefabInternal: {fileID: 404744455}
--- !u!1001 &476866167
Prefab:
  m_ObjectHideFlags: 0
  serializedVersion: 2
  m_Modification:
    m_TransformParent: {fileID: 229298206}
    m_Modifications:
    - target: {fileID: 4653694232920410, guid: 1d226d592e8fe3343a51bac76e8da6bb, type: 2}
      propertyPath: m_LocalPosition.x
      value: -4.85
      objectReference: {fileID: 0}
    - target: {fileID: 4653694232920410, guid: 1d226d592e8fe3343a51bac76e8da6bb, type: 2}
      propertyPath: m_LocalPosition.y
      value: 0.5
      objectReference: {fileID: 0}
    - target: {fileID: 4653694232920410, guid: 1d226d592e8fe3343a51bac76e8da6bb, type: 2}
      propertyPath: m_LocalPosition.z
      value: 4.27
      objectReference: {fileID: 0}
    - target: {fileID: 4653694232920410, guid: 1d226d592e8fe3343a51bac76e8da6bb, type: 2}
      propertyPath: m_LocalRotation.x
      value: -0.015134449
      objectReference: {fileID: 0}
    - target: {fileID: 4653694232920410, guid: 1d226d592e8fe3343a51bac76e8da6bb, type: 2}
      propertyPath: m_LocalRotation.y
      value: 0.98106027
      objectReference: {fileID: 0}
    - target: {fileID: 4653694232920410, guid: 1d226d592e8fe3343a51bac76e8da6bb, type: 2}
      propertyPath: m_LocalRotation.z
      value: 0.085831694
      objectReference: {fileID: 0}
    - target: {fileID: 4653694232920410, guid: 1d226d592e8fe3343a51bac76e8da6bb, type: 2}
      propertyPath: m_LocalRotation.w
      value: 0.17298746
      objectReference: {fileID: 0}
    - target: {fileID: 4653694232920410, guid: 1d226d592e8fe3343a51bac76e8da6bb, type: 2}
      propertyPath: m_RootOrder
      value: 0
      objectReference: {fileID: 0}
    m_RemovedComponents: []
  m_ParentPrefab: {fileID: 100100000, guid: 1d226d592e8fe3343a51bac76e8da6bb, type: 2}
  m_IsPrefabParent: 0
--- !u!1001 &487335876
Prefab:
  m_ObjectHideFlags: 0
  serializedVersion: 2
  m_Modification:
    m_TransformParent: {fileID: 1765598651}
    m_Modifications:
    - target: {fileID: 4259776537469576, guid: 899057c0eed3058408c14a590671bacf, type: 2}
      propertyPath: m_LocalPosition.x
      value: 7.74
      objectReference: {fileID: 0}
    - target: {fileID: 4259776537469576, guid: 899057c0eed3058408c14a590671bacf, type: 2}
      propertyPath: m_LocalPosition.y
      value: 0.5
      objectReference: {fileID: 0}
    - target: {fileID: 4259776537469576, guid: 899057c0eed3058408c14a590671bacf, type: 2}
      propertyPath: m_LocalPosition.z
      value: -4.87
      objectReference: {fileID: 0}
    - target: {fileID: 4259776537469576, guid: 899057c0eed3058408c14a590671bacf, type: 2}
      propertyPath: m_LocalRotation.x
      value: 0.46193978
      objectReference: {fileID: 0}
    - target: {fileID: 4259776537469576, guid: 899057c0eed3058408c14a590671bacf, type: 2}
      propertyPath: m_LocalRotation.y
      value: 0.19134173
      objectReference: {fileID: 0}
    - target: {fileID: 4259776537469576, guid: 899057c0eed3058408c14a590671bacf, type: 2}
      propertyPath: m_LocalRotation.z
      value: 0.19134173
      objectReference: {fileID: 0}
    - target: {fileID: 4259776537469576, guid: 899057c0eed3058408c14a590671bacf, type: 2}
      propertyPath: m_LocalRotation.w
      value: 0.84462327
      objectReference: {fileID: 0}
    - target: {fileID: 4259776537469576, guid: 899057c0eed3058408c14a590671bacf, type: 2}
      propertyPath: m_RootOrder
      value: 4
      objectReference: {fileID: 0}
    - target: {fileID: 4259776537469576, guid: 899057c0eed3058408c14a590671bacf, type: 2}
      propertyPath: m_LocalScale.y
      value: 0.50000006
      objectReference: {fileID: 0}
    - target: {fileID: 4259776537469576, guid: 899057c0eed3058408c14a590671bacf, type: 2}
      propertyPath: m_LocalScale.z
      value: 0.50000024
      objectReference: {fileID: 0}
    - target: {fileID: 1429795286357408, guid: 899057c0eed3058408c14a590671bacf, type: 2}
      propertyPath: m_Name
      value: PickUp (4)
      objectReference: {fileID: 0}
    m_RemovedComponents: []
  m_ParentPrefab: {fileID: 100100000, guid: 899057c0eed3058408c14a590671bacf, type: 2}
  m_IsPrefabParent: 0
--- !u!4 &487335877 stripped
Transform:
  m_PrefabParentObject: {fileID: 4259776537469576, guid: 899057c0eed3058408c14a590671bacf,
    type: 2}
  m_PrefabInternal: {fileID: 487335876}
--- !u!1 &809659189
GameObject:
  m_ObjectHideFlags: 0
  m_PrefabParentObject: {fileID: 0}
  m_PrefabInternal: {fileID: 0}
  serializedVersion: 5
  m_Component:
  - component: {fileID: 809659190}
  - component: {fileID: 809659193}
  - component: {fileID: 809659192}
  - component: {fileID: 809659191}
  m_Layer: 0
  m_Name: WestWall
  m_TagString: Untagged
  m_Icon: {fileID: 0}
  m_NavMeshLayer: 0
  m_StaticEditorFlags: 0
  m_IsActive: 1
--- !u!4 &809659190
Transform:
  m_ObjectHideFlags: 0
  m_PrefabParentObject: {fileID: 0}
  m_PrefabInternal: {fileID: 0}
  m_GameObject: {fileID: 809659189}
  m_LocalRotation: {x: 0, y: 0, z: 0, w: 1}
  m_LocalPosition: {x: -10, y: 0, z: 0}
  m_LocalScale: {x: 0.5, y: 2, z: 20.5}
  m_Children: []
  m_Father: {fileID: 1540802826}
  m_RootOrder: 0
  m_LocalEulerAnglesHint: {x: 0, y: 0, z: 0}
--- !u!23 &809659191
MeshRenderer:
  m_ObjectHideFlags: 0
  m_PrefabParentObject: {fileID: 0}
  m_PrefabInternal: {fileID: 0}
  m_GameObject: {fileID: 809659189}
  m_Enabled: 1
  m_CastShadows: 1
  m_ReceiveShadows: 1
  m_MotionVectors: 1
  m_LightProbeUsage: 1
  m_ReflectionProbeUsage: 1
  m_Materials:
  - {fileID: 10303, guid: 0000000000000000f000000000000000, type: 0}
  m_StaticBatchInfo:
    firstSubMesh: 0
    subMeshCount: 0
  m_StaticBatchRoot: {fileID: 0}
  m_ProbeAnchor: {fileID: 0}
  m_LightProbeVolumeOverride: {fileID: 0}
  m_ScaleInLightmap: 1
  m_PreserveUVs: 1
  m_IgnoreNormalsForChartDetection: 0
  m_ImportantGI: 0
  m_SelectedEditorRenderState: 3
  m_MinimumChartSize: 4
  m_AutoUVMaxDistance: 0.5
  m_AutoUVMaxAngle: 89
  m_LightmapParameters: {fileID: 0}
  m_SortingLayerID: 0
  m_SortingLayer: 0
  m_SortingOrder: 0
--- !u!65 &809659192
BoxCollider:
  m_ObjectHideFlags: 0
  m_PrefabParentObject: {fileID: 0}
  m_PrefabInternal: {fileID: 0}
  m_GameObject: {fileID: 809659189}
  m_Material: {fileID: 0}
  m_IsTrigger: 0
  m_Enabled: 1
  serializedVersion: 2
  m_Size: {x: 1, y: 1, z: 1}
  m_Center: {x: 0, y: 0, z: 0}
--- !u!33 &809659193
MeshFilter:
  m_ObjectHideFlags: 0
  m_PrefabParentObject: {fileID: 0}
  m_PrefabInternal: {fileID: 0}
  m_GameObject: {fileID: 809659189}
  m_Mesh: {fileID: 10202, guid: 0000000000000000e000000000000000, type: 0}
--- !u!1001 &820199265
Prefab:
  m_ObjectHideFlags: 0
  serializedVersion: 2
  m_Modification:
    m_TransformParent: {fileID: 229298206}
    m_Modifications:
    - target: {fileID: 4653694232920410, guid: 1d226d592e8fe3343a51bac76e8da6bb, type: 2}
      propertyPath: m_LocalPosition.x
      value: 3.4
      objectReference: {fileID: 0}
    - target: {fileID: 4653694232920410, guid: 1d226d592e8fe3343a51bac76e8da6bb, type: 2}
      propertyPath: m_LocalPosition.y
      value: 0.5
      objectReference: {fileID: 0}
    - target: {fileID: 4653694232920410, guid: 1d226d592e8fe3343a51bac76e8da6bb, type: 2}
      propertyPath: m_LocalPosition.z
      value: -6.15
      objectReference: {fileID: 0}
    - target: {fileID: 4653694232920410, guid: 1d226d592e8fe3343a51bac76e8da6bb, type: 2}
      propertyPath: m_LocalRotation.x
      value: -0.08715578
      objectReference: {fileID: 0}
    - target: {fileID: 4653694232920410, guid: 1d226d592e8fe3343a51bac76e8da6bb, type: 2}
      propertyPath: m_LocalRotation.y
      value: 0
      objectReference: {fileID: 0}
    - target: {fileID: 4653694232920410, guid: 1d226d592e8fe3343a51bac76e8da6bb, type: 2}
      propertyPath: m_LocalRotation.z
      value: 0
      objectReference: {fileID: 0}
    - target: {fileID: 4653694232920410, guid: 1d226d592e8fe3343a51bac76e8da6bb, type: 2}
      propertyPath: m_LocalRotation.w
      value: 0.9961947
      objectReference: {fileID: 0}
    - target: {fileID: 4653694232920410, guid: 1d226d592e8fe3343a51bac76e8da6bb, type: 2}
      propertyPath: m_RootOrder
      value: 5
      objectReference: {fileID: 0}
    - target: {fileID: 4653694232920410, guid: 1d226d592e8fe3343a51bac76e8da6bb, type: 2}
      propertyPath: m_LocalEulerAnglesHint.x
      value: -10
      objectReference: {fileID: 0}
    - target: {fileID: 4653694232920410, guid: 1d226d592e8fe3343a51bac76e8da6bb, type: 2}
      propertyPath: m_LocalEulerAnglesHint.y
      value: 0
      objectReference: {fileID: 0}
    - target: {fileID: 4653694232920410, guid: 1d226d592e8fe3343a51bac76e8da6bb, type: 2}
      propertyPath: m_LocalScale.z
      value: 1.0000002
      objectReference: {fileID: 0}
    - target: {fileID: 1185959128344102, guid: 1d226d592e8fe3343a51bac76e8da6bb, type: 2}
      propertyPath: m_Name
      value: Snowman (5)
      objectReference: {fileID: 0}
    m_RemovedComponents: []
  m_ParentPrefab: {fileID: 100100000, guid: 1d226d592e8fe3343a51bac76e8da6bb, type: 2}
  m_IsPrefabParent: 0
--- !u!4 &820199266 stripped
Transform:
  m_PrefabParentObject: {fileID: 4653694232920410, guid: 1d226d592e8fe3343a51bac76e8da6bb,
    type: 2}
  m_PrefabInternal: {fileID: 820199265}
--- !u!1001 &973846363
Prefab:
  m_ObjectHideFlags: 0
  serializedVersion: 2
  m_Modification:
    m_TransformParent: {fileID: 229298206}
    m_Modifications:
    - target: {fileID: 4653694232920410, guid: 1d226d592e8fe3343a51bac76e8da6bb, type: 2}
      propertyPath: m_LocalPosition.x
      value: -1.11
      objectReference: {fileID: 0}
    - target: {fileID: 4653694232920410, guid: 1d226d592e8fe3343a51bac76e8da6bb, type: 2}
      propertyPath: m_LocalPosition.y
      value: 0.5
      objectReference: {fileID: 0}
    - target: {fileID: 4653694232920410, guid: 1d226d592e8fe3343a51bac76e8da6bb, type: 2}
      propertyPath: m_LocalPosition.z
      value: 6.31
      objectReference: {fileID: 0}
    - target: {fileID: 4653694232920410, guid: 1d226d592e8fe3343a51bac76e8da6bb, type: 2}
      propertyPath: m_LocalRotation.x
      value: -0.015134449
      objectReference: {fileID: 0}
    - target: {fileID: 4653694232920410, guid: 1d226d592e8fe3343a51bac76e8da6bb, type: 2}
      propertyPath: m_LocalRotation.y
      value: 0.98106027
      objectReference: {fileID: 0}
    - target: {fileID: 4653694232920410, guid: 1d226d592e8fe3343a51bac76e8da6bb, type: 2}
      propertyPath: m_LocalRotation.z
      value: 0.085831694
      objectReference: {fileID: 0}
    - target: {fileID: 4653694232920410, guid: 1d226d592e8fe3343a51bac76e8da6bb, type: 2}
      propertyPath: m_LocalRotation.w
      value: 0.17298746
      objectReference: {fileID: 0}
    - target: {fileID: 4653694232920410, guid: 1d226d592e8fe3343a51bac76e8da6bb, type: 2}
      propertyPath: m_RootOrder
      value: 10
      objectReference: {fileID: 0}
    - target: {fileID: 4653694232920410, guid: 1d226d592e8fe3343a51bac76e8da6bb, type: 2}
      propertyPath: m_LocalEulerAnglesHint.x
      value: -10
      objectReference: {fileID: 0}
    - target: {fileID: 4653694232920410, guid: 1d226d592e8fe3343a51bac76e8da6bb, type: 2}
      propertyPath: m_LocalEulerAnglesHint.y
      value: 160
      objectReference: {fileID: 0}
    - target: {fileID: 4653694232920410, guid: 1d226d592e8fe3343a51bac76e8da6bb, type: 2}
      propertyPath: m_LocalScale.z
      value: 1.0000002
      objectReference: {fileID: 0}
    - target: {fileID: 1185959128344102, guid: 1d226d592e8fe3343a51bac76e8da6bb, type: 2}
      propertyPath: m_Name
      value: Snowman (10)
      objectReference: {fileID: 0}
    m_RemovedComponents: []
  m_ParentPrefab: {fileID: 100100000, guid: 1d226d592e8fe3343a51bac76e8da6bb, type: 2}
  m_IsPrefabParent: 0
--- !u!4 &973846364 stripped
Transform:
  m_PrefabParentObject: {fileID: 4653694232920410, guid: 1d226d592e8fe3343a51bac76e8da6bb,
    type: 2}
  m_PrefabInternal: {fileID: 973846363}
--- !u!1001 &1065264595
Prefab:
  m_ObjectHideFlags: 0
  serializedVersion: 2
  m_Modification:
    m_TransformParent: {fileID: 229298206}
    m_Modifications:
    - target: {fileID: 4653694232920410, guid: 1d226d592e8fe3343a51bac76e8da6bb, type: 2}
      propertyPath: m_LocalPosition.x
      value: -0.11
      objectReference: {fileID: 0}
    - target: {fileID: 4653694232920410, guid: 1d226d592e8fe3343a51bac76e8da6bb, type: 2}
      propertyPath: m_LocalPosition.y
      value: 0.5
      objectReference: {fileID: 0}
    - target: {fileID: 4653694232920410, guid: 1d226d592e8fe3343a51bac76e8da6bb, type: 2}
      propertyPath: m_LocalPosition.z
      value: -6.59
      objectReference: {fileID: 0}
    - target: {fileID: 4653694232920410, guid: 1d226d592e8fe3343a51bac76e8da6bb, type: 2}
      propertyPath: m_LocalRotation.x
      value: -0.08715578
      objectReference: {fileID: 0}
    - target: {fileID: 4653694232920410, guid: 1d226d592e8fe3343a51bac76e8da6bb, type: 2}
      propertyPath: m_LocalRotation.y
      value: 0
      objectReference: {fileID: 0}
    - target: {fileID: 4653694232920410, guid: 1d226d592e8fe3343a51bac76e8da6bb, type: 2}
      propertyPath: m_LocalRotation.z
      value: 0
      objectReference: {fileID: 0}
    - target: {fileID: 4653694232920410, guid: 1d226d592e8fe3343a51bac76e8da6bb, type: 2}
      propertyPath: m_LocalRotation.w
      value: 0.9961947
      objectReference: {fileID: 0}
    - target: {fileID: 4653694232920410, guid: 1d226d592e8fe3343a51bac76e8da6bb, type: 2}
      propertyPath: m_RootOrder
      value: 4
      objectReference: {fileID: 0}
    - target: {fileID: 4653694232920410, guid: 1d226d592e8fe3343a51bac76e8da6bb, type: 2}
      propertyPath: m_LocalEulerAnglesHint.x
      value: -10
      objectReference: {fileID: 0}
    - target: {fileID: 4653694232920410, guid: 1d226d592e8fe3343a51bac76e8da6bb, type: 2}
      propertyPath: m_LocalEulerAnglesHint.y
      value: 0
      objectReference: {fileID: 0}
    - target: {fileID: 4653694232920410, guid: 1d226d592e8fe3343a51bac76e8da6bb, type: 2}
      propertyPath: m_LocalScale.z
      value: 1.0000002
      objectReference: {fileID: 0}
    - target: {fileID: 1185959128344102, guid: 1d226d592e8fe3343a51bac76e8da6bb, type: 2}
      propertyPath: m_Name
      value: Snowman (4)
      objectReference: {fileID: 0}
    m_RemovedComponents: []
  m_ParentPrefab: {fileID: 100100000, guid: 1d226d592e8fe3343a51bac76e8da6bb, type: 2}
  m_IsPrefabParent: 0
--- !u!4 &1065264596 stripped
Transform:
  m_PrefabParentObject: {fileID: 4653694232920410, guid: 1d226d592e8fe3343a51bac76e8da6bb,
    type: 2}
  m_PrefabInternal: {fileID: 1065264595}
--- !u!1001 &1074534678
Prefab:
  m_ObjectHideFlags: 0
  serializedVersion: 2
  m_Modification:
    m_TransformParent: {fileID: 1765598651}
    m_Modifications:
    - target: {fileID: 4259776537469576, guid: 899057c0eed3058408c14a590671bacf, type: 2}
      propertyPath: m_LocalPosition.x
      value: 2.75
      objectReference: {fileID: 0}
    - target: {fileID: 4259776537469576, guid: 899057c0eed3058408c14a590671bacf, type: 2}
      propertyPath: m_LocalPosition.y
      value: 0.5
      objectReference: {fileID: 0}
    - target: {fileID: 4259776537469576, guid: 899057c0eed3058408c14a590671bacf, type: 2}
      propertyPath: m_LocalPosition.z
      value: -8.97
      objectReference: {fileID: 0}
    - target: {fileID: 4259776537469576, guid: 899057c0eed3058408c14a590671bacf, type: 2}
      propertyPath: m_LocalRotation.x
      value: 0.46193978
      objectReference: {fileID: 0}
    - target: {fileID: 4259776537469576, guid: 899057c0eed3058408c14a590671bacf, type: 2}
      propertyPath: m_LocalRotation.y
      value: 0.19134173
      objectReference: {fileID: 0}
    - target: {fileID: 4259776537469576, guid: 899057c0eed3058408c14a590671bacf, type: 2}
      propertyPath: m_LocalRotation.z
      value: 0.19134173
      objectReference: {fileID: 0}
    - target: {fileID: 4259776537469576, guid: 899057c0eed3058408c14a590671bacf, type: 2}
      propertyPath: m_LocalRotation.w
      value: 0.84462327
      objectReference: {fileID: 0}
    - target: {fileID: 4259776537469576, guid: 899057c0eed3058408c14a590671bacf, type: 2}
      propertyPath: m_RootOrder
      value: 6
      objectReference: {fileID: 0}
    - target: {fileID: 4259776537469576, guid: 899057c0eed3058408c14a590671bacf, type: 2}
      propertyPath: m_LocalScale.y
      value: 0.50000006
      objectReference: {fileID: 0}
    - target: {fileID: 4259776537469576, guid: 899057c0eed3058408c14a590671bacf, type: 2}
      propertyPath: m_LocalScale.z
      value: 0.50000024
      objectReference: {fileID: 0}
    - target: {fileID: 1429795286357408, guid: 899057c0eed3058408c14a590671bacf, type: 2}
      propertyPath: m_Name
      value: PickUp (6)
      objectReference: {fileID: 0}
    m_RemovedComponents: []
  m_ParentPrefab: {fileID: 100100000, guid: 899057c0eed3058408c14a590671bacf, type: 2}
  m_IsPrefabParent: 0
--- !u!4 &1074534679 stripped
Transform:
  m_PrefabParentObject: {fileID: 4259776537469576, guid: 899057c0eed3058408c14a590671bacf,
    type: 2}
  m_PrefabInternal: {fileID: 1074534678}
--- !u!1001 &1202763013
Prefab:
  m_ObjectHideFlags: 0
  serializedVersion: 2
  m_Modification:
    m_TransformParent: {fileID: 229298206}
    m_Modifications:
    - target: {fileID: 4653694232920410, guid: 1d226d592e8fe3343a51bac76e8da6bb, type: 2}
      propertyPath: m_LocalPosition.x
      value: -6.58
      objectReference: {fileID: 0}
    - target: {fileID: 4653694232920410, guid: 1d226d592e8fe3343a51bac76e8da6bb, type: 2}
      propertyPath: m_LocalPosition.y
      value: 0.5
      objectReference: {fileID: 0}
    - target: {fileID: 4653694232920410, guid: 1d226d592e8fe3343a51bac76e8da6bb, type: 2}
      propertyPath: m_LocalPosition.z
      value: 0.94
      objectReference: {fileID: 0}
    - target: {fileID: 4653694232920410, guid: 1d226d592e8fe3343a51bac76e8da6bb, type: 2}
      propertyPath: m_LocalRotation.x
      value: -0.05602266
      objectReference: {fileID: 0}
    - target: {fileID: 4653694232920410, guid: 1d226d592e8fe3343a51bac76e8da6bb, type: 2}
      propertyPath: m_LocalRotation.y
      value: 0.7631294
      objectReference: {fileID: 0}
    - target: {fileID: 4653694232920410, guid: 1d226d592e8fe3343a51bac76e8da6bb, type: 2}
      propertyPath: m_LocalRotation.z
      value: 0.066765204
      objectReference: {fileID: 0}
    - target: {fileID: 4653694232920410, guid: 1d226d592e8fe3343a51bac76e8da6bb, type: 2}
      propertyPath: m_LocalRotation.w
      value: 0.64034164
      objectReference: {fileID: 0}
    - target: {fileID: 4653694232920410, guid: 1d226d592e8fe3343a51bac76e8da6bb, type: 2}
      propertyPath: m_RootOrder
      value: 1
      objectReference: {fileID: 0}
    - target: {fileID: 4653694232920410, guid: 1d226d592e8fe3343a51bac76e8da6bb, type: 2}
      propertyPath: m_LocalEulerAnglesHint.x
      value: -10
      objectReference: {fileID: 0}
    - target: {fileID: 4653694232920410, guid: 1d226d592e8fe3343a51bac76e8da6bb, type: 2}
      propertyPath: m_LocalEulerAnglesHint.y
      value: 100
      objectReference: {fileID: 0}
    - target: {fileID: 4653694232920410, guid: 1d226d592e8fe3343a51bac76e8da6bb, type: 2}
      propertyPath: m_LocalScale.z
      value: 1.0000002
      objectReference: {fileID: 0}
    - target: {fileID: 1185959128344102, guid: 1d226d592e8fe3343a51bac76e8da6bb, type: 2}
      propertyPath: m_Name
      value: Snowman (1)
      objectReference: {fileID: 0}
    m_RemovedComponents: []
  m_ParentPrefab: {fileID: 100100000, guid: 1d226d592e8fe3343a51bac76e8da6bb, type: 2}
  m_IsPrefabParent: 0
--- !u!4 &1202763014 stripped
Transform:
  m_PrefabParentObject: {fileID: 4653694232920410, guid: 1d226d592e8fe3343a51bac76e8da6bb,
    type: 2}
  m_PrefabInternal: {fileID: 1202763013}
--- !u!1 &1271395945
GameObject:
  m_ObjectHideFlags: 0
  m_PrefabParentObject: {fileID: 0}
  m_PrefabInternal: {fileID: 0}
  serializedVersion: 5
  m_Component:
  - component: {fileID: 1271395949}
  - component: {fileID: 1271395948}
  - component: {fileID: 1271395947}
  - component: {fileID: 1271395946}
  m_Layer: 5
  m_Name: Canvas
  m_TagString: Untagged
  m_Icon: {fileID: 0}
  m_NavMeshLayer: 0
  m_StaticEditorFlags: 0
  m_IsActive: 1
--- !u!114 &1271395946
MonoBehaviour:
  m_ObjectHideFlags: 0
  m_PrefabParentObject: {fileID: 0}
  m_PrefabInternal: {fileID: 0}
  m_GameObject: {fileID: 1271395945}
  m_Enabled: 1
  m_EditorHideFlags: 0
  m_Script: {fileID: 1301386320, guid: f70555f144d8491a825f0804e09c671c, type: 3}
  m_Name: 
  m_EditorClassIdentifier: 
  m_IgnoreReversedGraphics: 1
  m_BlockingObjects: 0
  m_BlockingMask:
    serializedVersion: 2
    m_Bits: 4294967295
--- !u!114 &1271395947
MonoBehaviour:
  m_ObjectHideFlags: 0
  m_PrefabParentObject: {fileID: 0}
  m_PrefabInternal: {fileID: 0}
  m_GameObject: {fileID: 1271395945}
  m_Enabled: 1
  m_EditorHideFlags: 0
  m_Script: {fileID: 1980459831, guid: f70555f144d8491a825f0804e09c671c, type: 3}
  m_Name: 
  m_EditorClassIdentifier: 
  m_UiScaleMode: 0
  m_ReferencePixelsPerUnit: 100
  m_ScaleFactor: 1
  m_ReferenceResolution: {x: 800, y: 600}
  m_ScreenMatchMode: 0
  m_MatchWidthOrHeight: 0
  m_PhysicalUnit: 3
  m_FallbackScreenDPI: 96
  m_DefaultSpriteDPI: 96
  m_DynamicPixelsPerUnit: 1
--- !u!223 &1271395948
Canvas:
  m_ObjectHideFlags: 0
  m_PrefabParentObject: {fileID: 0}
  m_PrefabInternal: {fileID: 0}
  m_GameObject: {fileID: 1271395945}
  m_Enabled: 1
  serializedVersion: 3
  m_RenderMode: 0
  m_Camera: {fileID: 0}
  m_PlaneDistance: 100
  m_PixelPerfect: 0
  m_ReceivesEvents: 1
  m_OverrideSorting: 0
  m_OverridePixelPerfect: 0
  m_SortingBucketNormalizedSize: 0
  m_AdditionalShaderChannelsFlag: 0
  m_SortingLayerID: 0
  m_SortingOrder: 0
  m_TargetDisplay: 0
--- !u!224 &1271395949
RectTransform:
  m_ObjectHideFlags: 0
  m_PrefabParentObject: {fileID: 0}
  m_PrefabInternal: {fileID: 0}
  m_GameObject: {fileID: 1271395945}
  m_LocalRotation: {x: 0, y: 0, z: 0, w: 1}
  m_LocalPosition: {x: 0, y: 0, z: 0}
  m_LocalScale: {x: 0, y: 0, z: 0}
  m_Children:
  - {fileID: 2128195770}
  - {fileID: 1635354215}
  m_Father: {fileID: 0}
  m_RootOrder: 6
  m_LocalEulerAnglesHint: {x: 0, y: 0, z: 0}
  m_AnchorMin: {x: 0, y: 0}
  m_AnchorMax: {x: 0, y: 0}
  m_AnchoredPosition: {x: 0, y: 0}
  m_SizeDelta: {x: 0, y: 0}
  m_Pivot: {x: 0, y: 0}
--- !u!1 &1282573507
GameObject:
  m_ObjectHideFlags: 0
  m_PrefabParentObject: {fileID: 0}
  m_PrefabInternal: {fileID: 0}
  serializedVersion: 5
  m_Component:
  - component: {fileID: 1282573508}
  - component: {fileID: 1282573511}
  - component: {fileID: 1282573510}
  - component: {fileID: 1282573509}
  m_Layer: 0
  m_Name: SouthWall
  m_TagString: Untagged
  m_Icon: {fileID: 0}
  m_NavMeshLayer: 0
  m_StaticEditorFlags: 0
  m_IsActive: 1
--- !u!4 &1282573508
Transform:
  m_ObjectHideFlags: 0
  m_PrefabParentObject: {fileID: 0}
  m_PrefabInternal: {fileID: 0}
  m_GameObject: {fileID: 1282573507}
  m_LocalRotation: {x: -0, y: -0, z: -0, w: 1}
  m_LocalPosition: {x: 0, y: 0, z: -10}
  m_LocalScale: {x: 20.5, y: 2, z: 0.5}
  m_Children: []
  m_Father: {fileID: 1540802826}
  m_RootOrder: 3
  m_LocalEulerAnglesHint: {x: 0, y: 0, z: 0}
--- !u!23 &1282573509
MeshRenderer:
  m_ObjectHideFlags: 0
  m_PrefabParentObject: {fileID: 0}
  m_PrefabInternal: {fileID: 0}
  m_GameObject: {fileID: 1282573507}
  m_Enabled: 1
  m_CastShadows: 1
  m_ReceiveShadows: 1
  m_MotionVectors: 1
  m_LightProbeUsage: 1
  m_ReflectionProbeUsage: 1
  m_Materials:
  - {fileID: 10303, guid: 0000000000000000f000000000000000, type: 0}
  m_StaticBatchInfo:
    firstSubMesh: 0
    subMeshCount: 0
  m_StaticBatchRoot: {fileID: 0}
  m_ProbeAnchor: {fileID: 0}
  m_LightProbeVolumeOverride: {fileID: 0}
  m_ScaleInLightmap: 1
  m_PreserveUVs: 1
  m_IgnoreNormalsForChartDetection: 0
  m_ImportantGI: 0
  m_SelectedEditorRenderState: 3
  m_MinimumChartSize: 4
  m_AutoUVMaxDistance: 0.5
  m_AutoUVMaxAngle: 89
  m_LightmapParameters: {fileID: 0}
  m_SortingLayerID: 0
  m_SortingLayer: 0
  m_SortingOrder: 0
--- !u!65 &1282573510
BoxCollider:
  m_ObjectHideFlags: 0
  m_PrefabParentObject: {fileID: 0}
  m_PrefabInternal: {fileID: 0}
  m_GameObject: {fileID: 1282573507}
  m_Material: {fileID: 0}
  m_IsTrigger: 0
  m_Enabled: 1
  serializedVersion: 2
  m_Size: {x: 1, y: 1, z: 1}
  m_Center: {x: 0, y: 0, z: 0}
--- !u!33 &1282573511
MeshFilter:
  m_ObjectHideFlags: 0
  m_PrefabParentObject: {fileID: 0}
  m_PrefabInternal: {fileID: 0}
  m_GameObject: {fileID: 1282573507}
  m_Mesh: {fileID: 10202, guid: 0000000000000000e000000000000000, type: 0}
--- !u!4 &1287685296 stripped
Transform:
  m_PrefabParentObject: {fileID: 4259776537469576, guid: 899057c0eed3058408c14a590671bacf,
    type: 2}
  m_PrefabInternal: {fileID: 2127188578}
--- !u!1001 &1417325388
Prefab:
  m_ObjectHideFlags: 0
  serializedVersion: 2
  m_Modification:
    m_TransformParent: {fileID: 1765598651}
    m_Modifications:
    - target: {fileID: 4259776537469576, guid: 899057c0eed3058408c14a590671bacf, type: 2}
      propertyPath: m_LocalPosition.x
      value: 6.05
      objectReference: {fileID: 0}
    - target: {fileID: 4259776537469576, guid: 899057c0eed3058408c14a590671bacf, type: 2}
      propertyPath: m_LocalPosition.y
      value: 0.5
      objectReference: {fileID: 0}
    - target: {fileID: 4259776537469576, guid: 899057c0eed3058408c14a590671bacf, type: 2}
      propertyPath: m_LocalPosition.z
      value: -7.9
      objectReference: {fileID: 0}
    - target: {fileID: 4259776537469576, guid: 899057c0eed3058408c14a590671bacf, type: 2}
      propertyPath: m_LocalRotation.x
      value: 0.46193978
      objectReference: {fileID: 0}
    - target: {fileID: 4259776537469576, guid: 899057c0eed3058408c14a590671bacf, type: 2}
      propertyPath: m_LocalRotation.y
      value: 0.19134173
      objectReference: {fileID: 0}
    - target: {fileID: 4259776537469576, guid: 899057c0eed3058408c14a590671bacf, type: 2}
      propertyPath: m_LocalRotation.z
      value: 0.19134173
      objectReference: {fileID: 0}
    - target: {fileID: 4259776537469576, guid: 899057c0eed3058408c14a590671bacf, type: 2}
      propertyPath: m_LocalRotation.w
      value: 0.84462327
      objectReference: {fileID: 0}
    - target: {fileID: 4259776537469576, guid: 899057c0eed3058408c14a590671bacf, type: 2}
      propertyPath: m_RootOrder
      value: 5
      objectReference: {fileID: 0}
    - target: {fileID: 4259776537469576, guid: 899057c0eed3058408c14a590671bacf, type: 2}
      propertyPath: m_LocalScale.y
      value: 0.50000006
      objectReference: {fileID: 0}
    - target: {fileID: 4259776537469576, guid: 899057c0eed3058408c14a590671bacf, type: 2}
      propertyPath: m_LocalScale.z
      value: 0.50000024
      objectReference: {fileID: 0}
    - target: {fileID: 1429795286357408, guid: 899057c0eed3058408c14a590671bacf, type: 2}
      propertyPath: m_Name
      value: PickUp (5)
      objectReference: {fileID: 0}
    m_RemovedComponents: []
  m_ParentPrefab: {fileID: 100100000, guid: 899057c0eed3058408c14a590671bacf, type: 2}
  m_IsPrefabParent: 0
--- !u!4 &1417325389 stripped
Transform:
  m_PrefabParentObject: {fileID: 4259776537469576, guid: 899057c0eed3058408c14a590671bacf,
    type: 2}
  m_PrefabInternal: {fileID: 1417325388}
--- !u!1001 &1424055321
Prefab:
  m_ObjectHideFlags: 0
  serializedVersion: 2
  m_Modification:
    m_TransformParent: {fileID: 229298206}
    m_Modifications:
    - target: {fileID: 4653694232920410, guid: 1d226d592e8fe3343a51bac76e8da6bb, type: 2}
      propertyPath: m_LocalPosition.x
      value: 3.41
      objectReference: {fileID: 0}
    - target: {fileID: 4653694232920410, guid: 1d226d592e8fe3343a51bac76e8da6bb, type: 2}
      propertyPath: m_LocalPosition.y
      value: 0.5
      objectReference: {fileID: 0}
    - target: {fileID: 4653694232920410, guid: 1d226d592e8fe3343a51bac76e8da6bb, type: 2}
      propertyPath: m_LocalPosition.z
      value: 5.78
      objectReference: {fileID: 0}
    - target: {fileID: 4653694232920410, guid: 1d226d592e8fe3343a51bac76e8da6bb, type: 2}
      propertyPath: m_LocalRotation.x
      value: -0.02255758
      objectReference: {fileID: 0}
    - target: {fileID: 4653694232920410, guid: 1d226d592e8fe3343a51bac76e8da6bb, type: 2}
      propertyPath: m_LocalRotation.y
      value: 0.9622502
      objectReference: {fileID: 0}
    - target: {fileID: 4653694232920410, guid: 1d226d592e8fe3343a51bac76e8da6bb, type: 2}
      propertyPath: m_LocalRotation.z
      value: 0.084186025
      objectReference: {fileID: 0}
    - target: {fileID: 4653694232920410, guid: 1d226d592e8fe3343a51bac76e8da6bb, type: 2}
      propertyPath: m_LocalRotation.w
      value: 0.25783423
      objectReference: {fileID: 0}
    - target: {fileID: 4653694232920410, guid: 1d226d592e8fe3343a51bac76e8da6bb, type: 2}
      propertyPath: m_RootOrder
      value: 9
      objectReference: {fileID: 0}
    - target: {fileID: 4653694232920410, guid: 1d226d592e8fe3343a51bac76e8da6bb, type: 2}
      propertyPath: m_LocalEulerAnglesHint.x
      value: -10
      objectReference: {fileID: 0}
    - target: {fileID: 4653694232920410, guid: 1d226d592e8fe3343a51bac76e8da6bb, type: 2}
      propertyPath: m_LocalEulerAnglesHint.y
      value: 150
      objectReference: {fileID: 0}
    - target: {fileID: 4653694232920410, guid: 1d226d592e8fe3343a51bac76e8da6bb, type: 2}
      propertyPath: m_LocalScale.z
      value: 1.0000002
      objectReference: {fileID: 0}
    - target: {fileID: 1185959128344102, guid: 1d226d592e8fe3343a51bac76e8da6bb, type: 2}
      propertyPath: m_Name
      value: Snowman (9)
      objectReference: {fileID: 0}
    m_RemovedComponents: []
  m_ParentPrefab: {fileID: 100100000, guid: 1d226d592e8fe3343a51bac76e8da6bb, type: 2}
  m_IsPrefabParent: 0
--- !u!4 &1424055322 stripped
Transform:
  m_PrefabParentObject: {fileID: 4653694232920410, guid: 1d226d592e8fe3343a51bac76e8da6bb,
    type: 2}
  m_PrefabInternal: {fileID: 1424055321}
--- !u!1 &1476515134
GameObject:
  m_ObjectHideFlags: 0
  m_PrefabParentObject: {fileID: 0}
  m_PrefabInternal: {fileID: 0}
  serializedVersion: 5
  m_Component:
  - component: {fileID: 1476515136}
  - component: {fileID: 1476515135}
  m_Layer: 0
  m_Name: Directional Light
  m_TagString: Untagged
  m_Icon: {fileID: 0}
  m_NavMeshLayer: 0
  m_StaticEditorFlags: 0
  m_IsActive: 1
--- !u!108 &1476515135
Light:
  m_ObjectHideFlags: 0
  m_PrefabParentObject: {fileID: 0}
  m_PrefabInternal: {fileID: 0}
  m_GameObject: {fileID: 1476515134}
  m_Enabled: 1
  serializedVersion: 8
  m_Type: 1
  m_Color: {r: 1, g: 0.95686275, b: 0.8392157, a: 1}
  m_Intensity: 1
  m_Range: 10
  m_SpotAngle: 30
  m_CookieSize: 10
  m_Shadows:
    m_Type: 2
    m_Resolution: -1
    m_CustomResolution: -1
    m_Strength: 1
    m_Bias: 0.05
    m_NormalBias: 0.4
    m_NearPlane: 0.2
  m_Cookie: {fileID: 0}
  m_DrawHalo: 0
  m_Flare: {fileID: 0}
  m_RenderMode: 0
  m_CullingMask:
    serializedVersion: 2
    m_Bits: 4294967295
  m_Lightmapping: 4
  m_AreaSize: {x: 1, y: 1}
  m_BounceIntensity: 1
  m_FalloffTable:
    m_Table[0]: 0
    m_Table[1]: 0
    m_Table[2]: 0
    m_Table[3]: 0
    m_Table[4]: 0
    m_Table[5]: 0
    m_Table[6]: 0
    m_Table[7]: 0
    m_Table[8]: 0
    m_Table[9]: 0
    m_Table[10]: 0
    m_Table[11]: 0
    m_Table[12]: 0
  m_ColorTemperature: 6570
  m_UseColorTemperature: 0
  m_ShadowRadius: 0
  m_ShadowAngle: 0
--- !u!4 &1476515136
Transform:
  m_ObjectHideFlags: 0
  m_PrefabParentObject: {fileID: 0}
  m_PrefabInternal: {fileID: 0}
  m_GameObject: {fileID: 1476515134}
  m_LocalRotation: {x: 0.40821788, y: -0.23456968, z: 0.10938163, w: 0.8754261}
  m_LocalPosition: {x: 0, y: 3, z: 0}
  m_LocalScale: {x: 1, y: 1, z: 1}
  m_Children: []
  m_Father: {fileID: 0}
  m_RootOrder: 1
  m_LocalEulerAnglesHint: {x: 50, y: -30, z: 0}
--- !u!1001 &1524158555
Prefab:
  m_ObjectHideFlags: 0
  serializedVersion: 2
  m_Modification:
    m_TransformParent: {fileID: 1765598651}
    m_Modifications:
    - target: {fileID: 4259776537469576, guid: 899057c0eed3058408c14a590671bacf, type: 2}
      propertyPath: m_LocalPosition.x
      value: 6.13
      objectReference: {fileID: 0}
    - target: {fileID: 4259776537469576, guid: 899057c0eed3058408c14a590671bacf, type: 2}
      propertyPath: m_LocalPosition.y
      value: 0.5
      objectReference: {fileID: 0}
    - target: {fileID: 4259776537469576, guid: 899057c0eed3058408c14a590671bacf, type: 2}
      propertyPath: m_LocalPosition.z
      value: 2
      objectReference: {fileID: 0}
    - target: {fileID: 4259776537469576, guid: 899057c0eed3058408c14a590671bacf, type: 2}
      propertyPath: m_LocalRotation.x
      value: 0.46193978
      objectReference: {fileID: 0}
    - target: {fileID: 4259776537469576, guid: 899057c0eed3058408c14a590671bacf, type: 2}
      propertyPath: m_LocalRotation.y
      value: 0.19134173
      objectReference: {fileID: 0}
    - target: {fileID: 4259776537469576, guid: 899057c0eed3058408c14a590671bacf, type: 2}
      propertyPath: m_LocalRotation.z
      value: 0.19134173
      objectReference: {fileID: 0}
    - target: {fileID: 4259776537469576, guid: 899057c0eed3058408c14a590671bacf, type: 2}
      propertyPath: m_LocalRotation.w
      value: 0.84462327
      objectReference: {fileID: 0}
    - target: {fileID: 4259776537469576, guid: 899057c0eed3058408c14a590671bacf, type: 2}
      propertyPath: m_RootOrder
      value: 2
      objectReference: {fileID: 0}
    - target: {fileID: 4259776537469576, guid: 899057c0eed3058408c14a590671bacf, type: 2}
      propertyPath: m_LocalScale.y
      value: 0.50000006
      objectReference: {fileID: 0}
    - target: {fileID: 4259776537469576, guid: 899057c0eed3058408c14a590671bacf, type: 2}
      propertyPath: m_LocalScale.z
      value: 0.50000024
      objectReference: {fileID: 0}
    - target: {fileID: 1429795286357408, guid: 899057c0eed3058408c14a590671bacf, type: 2}
      propertyPath: m_Name
      value: PickUp (2)
      objectReference: {fileID: 0}
    m_RemovedComponents: []
  m_ParentPrefab: {fileID: 100100000, guid: 899057c0eed3058408c14a590671bacf, type: 2}
  m_IsPrefabParent: 0
--- !u!4 &1524158556 stripped
Transform:
  m_PrefabParentObject: {fileID: 4259776537469576, guid: 899057c0eed3058408c14a590671bacf,
    type: 2}
  m_PrefabInternal: {fileID: 1524158555}
--- !u!1001 &1534664839
Prefab:
  m_ObjectHideFlags: 0
  serializedVersion: 2
  m_Modification:
    m_TransformParent: {fileID: 1765598651}
    m_Modifications:
    - target: {fileID: 4259776537469576, guid: 899057c0eed3058408c14a590671bacf, type: 2}
      propertyPath: m_LocalPosition.x
      value: 2.38
      objectReference: {fileID: 0}
    - target: {fileID: 4259776537469576, guid: 899057c0eed3058408c14a590671bacf, type: 2}
      propertyPath: m_LocalPosition.y
      value: 0.5
      objectReference: {fileID: 0}
    - target: {fileID: 4259776537469576, guid: 899057c0eed3058408c14a590671bacf, type: 2}
      propertyPath: m_LocalPosition.z
      value: 3.61
      objectReference: {fileID: 0}
    - target: {fileID: 4259776537469576, guid: 899057c0eed3058408c14a590671bacf, type: 2}
      propertyPath: m_LocalRotation.x
      value: 0.46193978
      objectReference: {fileID: 0}
    - target: {fileID: 4259776537469576, guid: 899057c0eed3058408c14a590671bacf, type: 2}
      propertyPath: m_LocalRotation.y
      value: 0.19134173
      objectReference: {fileID: 0}
    - target: {fileID: 4259776537469576, guid: 899057c0eed3058408c14a590671bacf, type: 2}
      propertyPath: m_LocalRotation.z
      value: 0.19134173
      objectReference: {fileID: 0}
    - target: {fileID: 4259776537469576, guid: 899057c0eed3058408c14a590671bacf, type: 2}
      propertyPath: m_LocalRotation.w
      value: 0.84462327
      objectReference: {fileID: 0}
    - target: {fileID: 4259776537469576, guid: 899057c0eed3058408c14a590671bacf, type: 2}
      propertyPath: m_RootOrder
      value: 1
      objectReference: {fileID: 0}
    - target: {fileID: 1429795286357408, guid: 899057c0eed3058408c14a590671bacf, type: 2}
      propertyPath: m_Name
      value: PickUp (1)
      objectReference: {fileID: 0}
    m_RemovedComponents: []
  m_ParentPrefab: {fileID: 100100000, guid: 899057c0eed3058408c14a590671bacf, type: 2}
  m_IsPrefabParent: 0
--- !u!4 &1534664840 stripped
Transform:
  m_PrefabParentObject: {fileID: 4259776537469576, guid: 899057c0eed3058408c14a590671bacf,
    type: 2}
  m_PrefabInternal: {fileID: 1534664839}
--- !u!1 &1540802825
GameObject:
  m_ObjectHideFlags: 0
  m_PrefabParentObject: {fileID: 0}
  m_PrefabInternal: {fileID: 0}
  serializedVersion: 5
  m_Component:
  - component: {fileID: 1540802826}
  m_Layer: 0
  m_Name: Walls
  m_TagString: Untagged
  m_Icon: {fileID: 0}
  m_NavMeshLayer: 0
  m_StaticEditorFlags: 0
  m_IsActive: 1
--- !u!4 &1540802826
Transform:
  m_ObjectHideFlags: 0
  m_PrefabParentObject: {fileID: 0}
  m_PrefabInternal: {fileID: 0}
  m_GameObject: {fileID: 1540802825}
  m_LocalRotation: {x: 0, y: 0, z: 0, w: 1}
  m_LocalPosition: {x: 0, y: 0, z: 0}
  m_LocalScale: {x: 1, y: 1, z: 1}
  m_Children:
  - {fileID: 809659190}
  - {fileID: 1915199598}
  - {fileID: 1599830513}
  - {fileID: 1282573508}
  m_Father: {fileID: 0}
  m_RootOrder: 4
  m_LocalEulerAnglesHint: {x: 0, y: 0, z: 0}
--- !u!1 &1565061570
GameObject:
  m_ObjectHideFlags: 0
  m_PrefabParentObject: {fileID: 0}
  m_PrefabInternal: {fileID: 0}
  serializedVersion: 5
  m_Component:
  - component: {fileID: 1565061574}
  - component: {fileID: 1565061573}
  - component: {fileID: 1565061572}
  - component: {fileID: 1565061571}
  m_Layer: 0
  m_Name: Ground
  m_TagString: Untagged
  m_Icon: {fileID: 0}
  m_NavMeshLayer: 0
  m_StaticEditorFlags: 0
  m_IsActive: 1
--- !u!23 &1565061571
MeshRenderer:
  m_ObjectHideFlags: 0
  m_PrefabParentObject: {fileID: 0}
  m_PrefabInternal: {fileID: 0}
  m_GameObject: {fileID: 1565061570}
  m_Enabled: 1
  m_CastShadows: 1
  m_ReceiveShadows: 1
  m_MotionVectors: 1
  m_LightProbeUsage: 1
  m_ReflectionProbeUsage: 1
  m_Materials:
  - {fileID: 2100000, guid: f9d045d4ad74b6946b3b1701cd443aa8, type: 2}
  m_StaticBatchInfo:
    firstSubMesh: 0
    subMeshCount: 0
  m_StaticBatchRoot: {fileID: 0}
  m_ProbeAnchor: {fileID: 0}
  m_LightProbeVolumeOverride: {fileID: 0}
  m_ScaleInLightmap: 1
  m_PreserveUVs: 1
  m_IgnoreNormalsForChartDetection: 0
  m_ImportantGI: 0
  m_SelectedEditorRenderState: 3
  m_MinimumChartSize: 4
  m_AutoUVMaxDistance: 0.5
  m_AutoUVMaxAngle: 89
  m_LightmapParameters: {fileID: 0}
  m_SortingLayerID: 0
  m_SortingLayer: 0
  m_SortingOrder: 0
--- !u!64 &1565061572
MeshCollider:
  m_ObjectHideFlags: 0
  m_PrefabParentObject: {fileID: 0}
  m_PrefabInternal: {fileID: 0}
  m_GameObject: {fileID: 1565061570}
  m_Material: {fileID: 0}
  m_IsTrigger: 0
  m_Enabled: 1
  serializedVersion: 2
  m_Convex: 0
  m_InflateMesh: 0
  m_SkinWidth: 0.01
  m_Mesh: {fileID: 10209, guid: 0000000000000000e000000000000000, type: 0}
--- !u!33 &1565061573
MeshFilter:
  m_ObjectHideFlags: 0
  m_PrefabParentObject: {fileID: 0}
  m_PrefabInternal: {fileID: 0}
  m_GameObject: {fileID: 1565061570}
  m_Mesh: {fileID: 10209, guid: 0000000000000000e000000000000000, type: 0}
--- !u!4 &1565061574
Transform:
  m_ObjectHideFlags: 0
  m_PrefabParentObject: {fileID: 0}
  m_PrefabInternal: {fileID: 0}
  m_GameObject: {fileID: 1565061570}
  m_LocalRotation: {x: 0, y: 0, z: 0, w: 1}
  m_LocalPosition: {x: 0, y: 0, z: 0}
  m_LocalScale: {x: 2, y: 1, z: 2}
  m_Children: []
  m_Father: {fileID: 0}
  m_RootOrder: 2
  m_LocalEulerAnglesHint: {x: 0, y: 0, z: 0}
--- !u!1 &1599830512
GameObject:
  m_ObjectHideFlags: 0
  m_PrefabParentObject: {fileID: 0}
  m_PrefabInternal: {fileID: 0}
  serializedVersion: 5
  m_Component:
  - component: {fileID: 1599830513}
  - component: {fileID: 1599830516}
  - component: {fileID: 1599830515}
  - component: {fileID: 1599830514}
  m_Layer: 0
  m_Name: NorthWall
  m_TagString: Untagged
  m_Icon: {fileID: 0}
  m_NavMeshLayer: 0
  m_StaticEditorFlags: 0
  m_IsActive: 1
--- !u!4 &1599830513
Transform:
  m_ObjectHideFlags: 0
  m_PrefabParentObject: {fileID: 0}
  m_PrefabInternal: {fileID: 0}
  m_GameObject: {fileID: 1599830512}
  m_LocalRotation: {x: -0, y: -0, z: -0, w: 1}
  m_LocalPosition: {x: 0, y: 0, z: 10}
  m_LocalScale: {x: 20.5, y: 2, z: 0.5}
  m_Children: []
  m_Father: {fileID: 1540802826}
  m_RootOrder: 2
  m_LocalEulerAnglesHint: {x: 0, y: 0, z: 0}
--- !u!23 &1599830514
MeshRenderer:
  m_ObjectHideFlags: 0
  m_PrefabParentObject: {fileID: 0}
  m_PrefabInternal: {fileID: 0}
  m_GameObject: {fileID: 1599830512}
  m_Enabled: 1
  m_CastShadows: 1
  m_ReceiveShadows: 1
  m_MotionVectors: 1
  m_LightProbeUsage: 1
  m_ReflectionProbeUsage: 1
  m_Materials:
  - {fileID: 10303, guid: 0000000000000000f000000000000000, type: 0}
  m_StaticBatchInfo:
    firstSubMesh: 0
    subMeshCount: 0
  m_StaticBatchRoot: {fileID: 0}
  m_ProbeAnchor: {fileID: 0}
  m_LightProbeVolumeOverride: {fileID: 0}
  m_ScaleInLightmap: 1
  m_PreserveUVs: 1
  m_IgnoreNormalsForChartDetection: 0
  m_ImportantGI: 0
  m_SelectedEditorRenderState: 3
  m_MinimumChartSize: 4
  m_AutoUVMaxDistance: 0.5
  m_AutoUVMaxAngle: 89
  m_LightmapParameters: {fileID: 0}
  m_SortingLayerID: 0
  m_SortingLayer: 0
  m_SortingOrder: 0
--- !u!65 &1599830515
BoxCollider:
  m_ObjectHideFlags: 0
  m_PrefabParentObject: {fileID: 0}
  m_PrefabInternal: {fileID: 0}
  m_GameObject: {fileID: 1599830512}
  m_Material: {fileID: 0}
  m_IsTrigger: 0
  m_Enabled: 1
  serializedVersion: 2
  m_Size: {x: 1, y: 1, z: 1}
  m_Center: {x: 0, y: 0, z: 0}
--- !u!33 &1599830516
MeshFilter:
  m_ObjectHideFlags: 0
  m_PrefabParentObject: {fileID: 0}
  m_PrefabInternal: {fileID: 0}
  m_GameObject: {fileID: 1599830512}
  m_Mesh: {fileID: 10202, guid: 0000000000000000e000000000000000, type: 0}
--- !u!1 &1635354214
GameObject:
  m_ObjectHideFlags: 0
  m_PrefabParentObject: {fileID: 0}
  m_PrefabInternal: {fileID: 0}
  serializedVersion: 5
  m_Component:
  - component: {fileID: 1635354215}
  - component: {fileID: 1635354217}
  - component: {fileID: 1635354216}
  m_Layer: 5
  m_Name: Win Text
  m_TagString: Untagged
  m_Icon: {fileID: 0}
  m_NavMeshLayer: 0
  m_StaticEditorFlags: 0
  m_IsActive: 1
--- !u!224 &1635354215
RectTransform:
  m_ObjectHideFlags: 0
  m_PrefabParentObject: {fileID: 0}
  m_PrefabInternal: {fileID: 0}
  m_GameObject: {fileID: 1635354214}
  m_LocalRotation: {x: 0, y: 0, z: 0, w: 1}
  m_LocalPosition: {x: 0, y: 0, z: 0}
  m_LocalScale: {x: 1, y: 1, z: 1}
  m_Children: []
  m_Father: {fileID: 1271395949}
  m_RootOrder: 1
  m_LocalEulerAnglesHint: {x: 0, y: 0, z: 0}
  m_AnchorMin: {x: 0.5, y: 0.5}
  m_AnchorMax: {x: 0.5, y: 0.5}
  m_AnchoredPosition: {x: 0, y: 75}
  m_SizeDelta: {x: 160, y: 30}
  m_Pivot: {x: 0.5, y: 0.5}
--- !u!114 &1635354216
MonoBehaviour:
  m_ObjectHideFlags: 0
  m_PrefabParentObject: {fileID: 0}
  m_PrefabInternal: {fileID: 0}
  m_GameObject: {fileID: 1635354214}
  m_Enabled: 1
  m_EditorHideFlags: 0
  m_Script: {fileID: 708705254, guid: f70555f144d8491a825f0804e09c671c, type: 3}
  m_Name: 
  m_EditorClassIdentifier: 
  m_Material: {fileID: 0}
  m_Color: {r: 1, g: 1, b: 1, a: 1}
  m_RaycastTarget: 1
  m_OnCullStateChanged:
    m_PersistentCalls:
      m_Calls: []
    m_TypeName: UnityEngine.UI.MaskableGraphic+CullStateChangedEvent, UnityEngine.UI,
      Version=1.0.0.0, Culture=neutral, PublicKeyToken=null
  m_FontData:
    m_Font: {fileID: 10102, guid: 0000000000000000e000000000000000, type: 0}
    m_FontSize: 26
    m_FontStyle: 0
    m_BestFit: 0
    m_MinSize: 2
    m_MaxSize: 40
    m_Alignment: 1
    m_AlignByGeometry: 0
    m_RichText: 1
    m_HorizontalOverflow: 0
    m_VerticalOverflow: 0
    m_LineSpacing: 1
  m_Text: Win Text
--- !u!222 &1635354217
CanvasRenderer:
  m_ObjectHideFlags: 0
  m_PrefabParentObject: {fileID: 0}
  m_PrefabInternal: {fileID: 0}
  m_GameObject: {fileID: 1635354214}
--- !u!1 &1671911874
GameObject:
  m_ObjectHideFlags: 0
  m_PrefabParentObject: {fileID: 0}
  m_PrefabInternal: {fileID: 0}
  serializedVersion: 5
  m_Component:
  - component: {fileID: 1671911880}
  - component: {fileID: 1671911879}
  - component: {fileID: 1671911878}
  - component: {fileID: 1671911877}
  - component: {fileID: 1671911876}
  - component: {fileID: 1671911875}
  m_Layer: 0
  m_Name: Player
  m_TagString: Untagged
  m_Icon: {fileID: 0}
  m_NavMeshLayer: 0
  m_StaticEditorFlags: 0
  m_IsActive: 1
--- !u!114 &1671911875
MonoBehaviour:
  m_ObjectHideFlags: 0
  m_PrefabParentObject: {fileID: 0}
  m_PrefabInternal: {fileID: 0}
  m_GameObject: {fileID: 1671911874}
  m_Enabled: 1
  m_EditorHideFlags: 0
  m_Script: {fileID: 11500000, guid: 99ccc6cb28cc45648af165fb1e8f4a8e, type: 3}
  m_Name: 
  m_EditorClassIdentifier: 
  speed: 10
  force: 11
  countText: {fileID: 2128195771}
  winText: {fileID: 1635354216}
--- !u!135 &1671911876
SphereCollider:
  m_ObjectHideFlags: 0
  m_PrefabParentObject: {fileID: 0}
  m_PrefabInternal: {fileID: 0}
  m_GameObject: {fileID: 1671911874}
  m_Material: {fileID: 0}
  m_IsTrigger: 0
  m_Enabled: 1
  serializedVersion: 2
  m_Radius: 0.5
  m_Center: {x: 0, y: 0, z: 0}
--- !u!54 &1671911877
Rigidbody:
  m_ObjectHideFlags: 0
  m_PrefabParentObject: {fileID: 0}
  m_PrefabInternal: {fileID: 0}
  m_GameObject: {fileID: 1671911874}
  serializedVersion: 2
  m_Mass: 1
  m_Drag: 0
  m_AngularDrag: 0.05
  m_UseGravity: 1
  m_IsKinematic: 0
  m_Interpolate: 0
  m_Constraints: 0
  m_CollisionDetection: 0
--- !u!23 &1671911878
MeshRenderer:
  m_ObjectHideFlags: 0
  m_PrefabParentObject: {fileID: 0}
  m_PrefabInternal: {fileID: 0}
  m_GameObject: {fileID: 1671911874}
  m_Enabled: 1
  m_CastShadows: 1
  m_ReceiveShadows: 1
  m_MotionVectors: 1
  m_LightProbeUsage: 1
  m_ReflectionProbeUsage: 1
  m_Materials:
  - {fileID: 10303, guid: 0000000000000000f000000000000000, type: 0}
  m_StaticBatchInfo:
    firstSubMesh: 0
    subMeshCount: 0
  m_StaticBatchRoot: {fileID: 0}
  m_ProbeAnchor: {fileID: 0}
  m_LightProbeVolumeOverride: {fileID: 0}
  m_ScaleInLightmap: 1
  m_PreserveUVs: 1
  m_IgnoreNormalsForChartDetection: 0
  m_ImportantGI: 0
  m_SelectedEditorRenderState: 3
  m_MinimumChartSize: 4
  m_AutoUVMaxDistance: 0.5
  m_AutoUVMaxAngle: 89
  m_LightmapParameters: {fileID: 0}
  m_SortingLayerID: 0
  m_SortingLayer: 0
  m_SortingOrder: 0
--- !u!33 &1671911879
MeshFilter:
  m_ObjectHideFlags: 0
  m_PrefabParentObject: {fileID: 0}
  m_PrefabInternal: {fileID: 0}
  m_GameObject: {fileID: 1671911874}
  m_Mesh: {fileID: 10207, guid: 0000000000000000e000000000000000, type: 0}
--- !u!4 &1671911880
Transform:
  m_ObjectHideFlags: 0
  m_PrefabParentObject: {fileID: 0}
  m_PrefabInternal: {fileID: 0}
  m_GameObject: {fileID: 1671911874}
  m_LocalRotation: {x: 0, y: 0, z: 0, w: 1}
  m_LocalPosition: {x: 0, y: 0.5, z: 0}
  m_LocalScale: {x: 1, y: 1, z: 1}
  m_Children: []
  m_Father: {fileID: 0}
  m_RootOrder: 3
  m_LocalEulerAnglesHint: {x: 0, y: 0, z: 0}
--- !u!1001 &1703899510
Prefab:
  m_ObjectHideFlags: 0
  serializedVersion: 2
  m_Modification:
    m_TransformParent: {fileID: 229298206}
    m_Modifications:
    - target: {fileID: 4653694232920410, guid: 1d226d592e8fe3343a51bac76e8da6bb, type: 2}
      propertyPath: m_LocalPosition.x
      value: -3.63
      objectReference: {fileID: 0}
    - target: {fileID: 4653694232920410, guid: 1d226d592e8fe3343a51bac76e8da6bb, type: 2}
      propertyPath: m_LocalPosition.y
      value: 0.5
      objectReference: {fileID: 0}
    - target: {fileID: 4653694232920410, guid: 1d226d592e8fe3343a51bac76e8da6bb, type: 2}
      propertyPath: m_LocalPosition.z
      value: -5.74
      objectReference: {fileID: 0}
    - target: {fileID: 4653694232920410, guid: 1d226d592e8fe3343a51bac76e8da6bb, type: 2}
      propertyPath: m_LocalRotation.x
      value: -0.084186025
      objectReference: {fileID: 0}
    - target: {fileID: 4653694232920410, guid: 1d226d592e8fe3343a51bac76e8da6bb, type: 2}
      propertyPath: m_LocalRotation.y
      value: 0.25783423
      objectReference: {fileID: 0}
    - target: {fileID: 4653694232920410, guid: 1d226d592e8fe3343a51bac76e8da6bb, type: 2}
      propertyPath: m_LocalRotation.z
      value: 0.02255758
      objectReference: {fileID: 0}
    - target: {fileID: 4653694232920410, guid: 1d226d592e8fe3343a51bac76e8da6bb, type: 2}
      propertyPath: m_LocalRotation.w
      value: 0.9622502
      objectReference: {fileID: 0}
    - target: {fileID: 4653694232920410, guid: 1d226d592e8fe3343a51bac76e8da6bb, type: 2}
      propertyPath: m_RootOrder
      value: 3
      objectReference: {fileID: 0}
    - target: {fileID: 4653694232920410, guid: 1d226d592e8fe3343a51bac76e8da6bb, type: 2}
      propertyPath: m_LocalEulerAnglesHint.x
      value: -10
      objectReference: {fileID: 0}
    - target: {fileID: 4653694232920410, guid: 1d226d592e8fe3343a51bac76e8da6bb, type: 2}
      propertyPath: m_LocalEulerAnglesHint.y
      value: 30
      objectReference: {fileID: 0}
    - target: {fileID: 4653694232920410, guid: 1d226d592e8fe3343a51bac76e8da6bb, type: 2}
      propertyPath: m_LocalScale.z
      value: 1.0000002
      objectReference: {fileID: 0}
    - target: {fileID: 1185959128344102, guid: 1d226d592e8fe3343a51bac76e8da6bb, type: 2}
      propertyPath: m_Name
      value: Snowman (3)
      objectReference: {fileID: 0}
    m_RemovedComponents: []
  m_ParentPrefab: {fileID: 100100000, guid: 1d226d592e8fe3343a51bac76e8da6bb, type: 2}
  m_IsPrefabParent: 0
--- !u!4 &1703899511 stripped
Transform:
  m_PrefabParentObject: {fileID: 4653694232920410, guid: 1d226d592e8fe3343a51bac76e8da6bb,
    type: 2}
  m_PrefabInternal: {fileID: 1703899510}
--- !u!1 &1765598650
GameObject:
  m_ObjectHideFlags: 0
  m_PrefabParentObject: {fileID: 0}
  m_PrefabInternal: {fileID: 0}
  serializedVersion: 5
  m_Component:
  - component: {fileID: 1765598651}
  m_Layer: 0
  m_Name: PickUps
  m_TagString: Untagged
  m_Icon: {fileID: 0}
  m_NavMeshLayer: 0
  m_StaticEditorFlags: 0
  m_IsActive: 1
--- !u!4 &1765598651
Transform:
  m_ObjectHideFlags: 0
  m_PrefabParentObject: {fileID: 0}
  m_PrefabInternal: {fileID: 0}
  m_GameObject: {fileID: 1765598650}
  m_LocalRotation: {x: 0, y: 0, z: 0, w: 1}
  m_LocalPosition: {x: -1.1497355, y: 0.7826841, z: 2.2358456}
  m_LocalScale: {x: 1, y: 1, z: 1}
  m_Children:
  - {fileID: 1287685296}
  - {fileID: 1534664840}
  - {fileID: 1524158556}
  - {fileID: 2059186868}
  - {fileID: 487335877}
  - {fileID: 1417325389}
  - {fileID: 1074534679}
  - {fileID: 404744456}
  - {fileID: 2146879807}
  - {fileID: 40030228}
  - {fileID: 193620011}
  m_Father: {fileID: 0}
  m_RootOrder: 5
  m_LocalEulerAnglesHint: {x: 0, y: 0, z: 0}
--- !u!4 &1820513784 stripped
Transform:
  m_PrefabParentObject: {fileID: 4653694232920410, guid: 1d226d592e8fe3343a51bac76e8da6bb,
    type: 2}
  m_PrefabInternal: {fileID: 476866167}
--- !u!1 &1849397299
GameObject:
  m_ObjectHideFlags: 0
  m_PrefabParentObject: {fileID: 0}
  m_PrefabInternal: {fileID: 0}
  serializedVersion: 5
  m_Component:
  - component: {fileID: 1849397304}
  - component: {fileID: 1849397303}
  - component: {fileID: 1849397302}
  - component: {fileID: 1849397301}
  - component: {fileID: 1849397300}
  - component: {fileID: 1849397305}
  m_Layer: 0
  m_Name: Main Camera
  m_TagString: MainCamera
  m_Icon: {fileID: 0}
  m_NavMeshLayer: 0
  m_StaticEditorFlags: 0
  m_IsActive: 1
--- !u!81 &1849397300
AudioListener:
  m_ObjectHideFlags: 0
  m_PrefabParentObject: {fileID: 0}
  m_PrefabInternal: {fileID: 0}
  m_GameObject: {fileID: 1849397299}
  m_Enabled: 1
--- !u!124 &1849397301
Behaviour:
  m_ObjectHideFlags: 0
  m_PrefabParentObject: {fileID: 0}
  m_PrefabInternal: {fileID: 0}
  m_GameObject: {fileID: 1849397299}
  m_Enabled: 1
--- !u!92 &1849397302
Behaviour:
  m_ObjectHideFlags: 0
  m_PrefabParentObject: {fileID: 0}
  m_PrefabInternal: {fileID: 0}
  m_GameObject: {fileID: 1849397299}
  m_Enabled: 1
--- !u!20 &1849397303
Camera:
  m_ObjectHideFlags: 0
  m_PrefabParentObject: {fileID: 0}
  m_PrefabInternal: {fileID: 0}
  m_GameObject: {fileID: 1849397299}
  m_Enabled: 1
  serializedVersion: 2
  m_ClearFlags: 1
  m_BackGroundColor: {r: 0.19215687, g: 0.3019608, b: 0.4745098, a: 0}
  m_NormalizedViewPortRect:
    serializedVersion: 2
    x: 0
    y: 0
    width: 1
    height: 1
  near clip plane: 0.3
  far clip plane: 1000
  field of view: 60
  orthographic: 0
  orthographic size: 5
  m_Depth: -1
  m_CullingMask:
    serializedVersion: 2
    m_Bits: 4294967295
  m_RenderingPath: -1
  m_TargetTexture: {fileID: 0}
  m_TargetDisplay: 0
  m_TargetEye: 3
  m_HDR: 1
  m_AllowMSAA: 1
  m_ForceIntoRT: 0
  m_OcclusionCulling: 1
  m_StereoConvergence: 10
  m_StereoSeparation: 0.022
  m_StereoMirrorMode: 0
--- !u!4 &1849397304
Transform:
  m_ObjectHideFlags: 0
  m_PrefabParentObject: {fileID: 0}
  m_PrefabInternal: {fileID: 0}
  m_GameObject: {fileID: 1849397299}
  m_LocalRotation: {x: 0.38268343, y: -0, z: -0, w: 0.92387956}
  m_LocalPosition: {x: 0, y: 10, z: -10}
  m_LocalScale: {x: 1, y: 1, z: 1}
  m_Children: []
  m_Father: {fileID: 0}
  m_RootOrder: 0
  m_LocalEulerAnglesHint: {x: 45, y: 0, z: 0}
--- !u!114 &1849397305
MonoBehaviour:
  m_ObjectHideFlags: 0
  m_PrefabParentObject: {fileID: 0}
  m_PrefabInternal: {fileID: 0}
  m_GameObject: {fileID: 1849397299}
  m_Enabled: 1
  m_EditorHideFlags: 0
  m_Script: {fileID: 11500000, guid: e4d9873bd8f87f540b19570b87e662c8, type: 3}
  m_Name: 
  m_EditorClassIdentifier: 
  player: {fileID: 1671911874}
--- !u!1001 &1853986691
Prefab:
  m_ObjectHideFlags: 0
  serializedVersion: 2
  m_Modification:
    m_TransformParent: {fileID: 229298206}
    m_Modifications:
    - target: {fileID: 4653694232920410, guid: 1d226d592e8fe3343a51bac76e8da6bb, type: 2}
      propertyPath: m_LocalPosition.x
      value: -5.95
      objectReference: {fileID: 0}
    - target: {fileID: 4653694232920410, guid: 1d226d592e8fe3343a51bac76e8da6bb, type: 2}
      propertyPath: m_LocalPosition.y
      value: 0.5
      objectReference: {fileID: 0}
    - target: {fileID: 4653694232920410, guid: 1d226d592e8fe3343a51bac76e8da6bb, type: 2}
      propertyPath: m_LocalPosition.z
      value: -2.87
      objectReference: {fileID: 0}
    - target: {fileID: 4653694232920410, guid: 1d226d592e8fe3343a51bac76e8da6bb, type: 2}
      propertyPath: m_LocalRotation.x
      value: -0.049990505
      objectReference: {fileID: 0}
    - target: {fileID: 4653694232920410, guid: 1d226d592e8fe3343a51bac76e8da6bb, type: 2}
      propertyPath: m_LocalRotation.y
      value: 0.8160349
      objectReference: {fileID: 0}
    - target: {fileID: 4653694232920410, guid: 1d226d592e8fe3343a51bac76e8da6bb, type: 2}
      propertyPath: m_LocalRotation.z
      value: 0.07139384
      objectReference: {fileID: 0}
    - target: {fileID: 4653694232920410, guid: 1d226d592e8fe3343a51bac76e8da6bb, type: 2}
      propertyPath: m_LocalRotation.w
      value: 0.57139385
      objectReference: {fileID: 0}
    - target: {fileID: 4653694232920410, guid: 1d226d592e8fe3343a51bac76e8da6bb, type: 2}
      propertyPath: m_RootOrder
      value: 2
      objectReference: {fileID: 0}
    - target: {fileID: 4653694232920410, guid: 1d226d592e8fe3343a51bac76e8da6bb, type: 2}
      propertyPath: m_LocalEulerAnglesHint.x
      value: -10
      objectReference: {fileID: 0}
    - target: {fileID: 4653694232920410, guid: 1d226d592e8fe3343a51bac76e8da6bb, type: 2}
      propertyPath: m_LocalEulerAnglesHint.y
      value: 110
      objectReference: {fileID: 0}
    - target: {fileID: 4653694232920410, guid: 1d226d592e8fe3343a51bac76e8da6bb, type: 2}
      propertyPath: m_LocalScale.z
      value: 1.0000002
      objectReference: {fileID: 0}
    - target: {fileID: 1185959128344102, guid: 1d226d592e8fe3343a51bac76e8da6bb, type: 2}
      propertyPath: m_Name
      value: Snowman (2)
      objectReference: {fileID: 0}
    m_RemovedComponents: []
  m_ParentPrefab: {fileID: 100100000, guid: 1d226d592e8fe3343a51bac76e8da6bb, type: 2}
  m_IsPrefabParent: 0
--- !u!4 &1853986692 stripped
Transform:
  m_PrefabParentObject: {fileID: 4653694232920410, guid: 1d226d592e8fe3343a51bac76e8da6bb,
    type: 2}
  m_PrefabInternal: {fileID: 1853986691}
--- !u!1001 &1857857339
Prefab:
  m_ObjectHideFlags: 0
  serializedVersion: 2
  m_Modification:
    m_TransformParent: {fileID: 229298206}
    m_Modifications:
    - target: {fileID: 4653694232920410, guid: 1d226d592e8fe3343a51bac76e8da6bb, type: 2}
      propertyPath: m_LocalPosition.x
      value: 6.24
      objectReference: {fileID: 0}
    - target: {fileID: 4653694232920410, guid: 1d226d592e8fe3343a51bac76e8da6bb, type: 2}
      propertyPath: m_LocalPosition.y
      value: 0.5
      objectReference: {fileID: 0}
    - target: {fileID: 4653694232920410, guid: 1d226d592e8fe3343a51bac76e8da6bb, type: 2}
      propertyPath: m_LocalPosition.z
      value: -4.12
      objectReference: {fileID: 0}
    - target: {fileID: 4653694232920410, guid: 1d226d592e8fe3343a51bac76e8da6bb, type: 2}
      propertyPath: m_LocalRotation.x
      value: 0.071393825
      objectReference: {fileID: 0}
    - target: {fileID: 4653694232920410, guid: 1d226d592e8fe3343a51bac76e8da6bb, type: 2}
      propertyPath: m_LocalRotation.y
      value: 0.57139397
      objectReference: {fileID: 0}
    - target: {fileID: 4653694232920410, guid: 1d226d592e8fe3343a51bac76e8da6bb, type: 2}
      propertyPath: m_LocalRotation.z
      value: 0.049990516
      objectReference: {fileID: 0}
    - target: {fileID: 4653694232920410, guid: 1d226d592e8fe3343a51bac76e8da6bb, type: 2}
      propertyPath: m_LocalRotation.w
      value: -0.81603485
      objectReference: {fileID: 0}
    - target: {fileID: 4653694232920410, guid: 1d226d592e8fe3343a51bac76e8da6bb, type: 2}
      propertyPath: m_RootOrder
      value: 6
      objectReference: {fileID: 0}
    - target: {fileID: 4653694232920410, guid: 1d226d592e8fe3343a51bac76e8da6bb, type: 2}
      propertyPath: m_LocalEulerAnglesHint.x
      value: -10
      objectReference: {fileID: 0}
    - target: {fileID: 4653694232920410, guid: 1d226d592e8fe3343a51bac76e8da6bb, type: 2}
      propertyPath: m_LocalEulerAnglesHint.y
      value: 290
      objectReference: {fileID: 0}
    - target: {fileID: 4653694232920410, guid: 1d226d592e8fe3343a51bac76e8da6bb, type: 2}
      propertyPath: m_LocalScale.z
      value: 1.0000002
      objectReference: {fileID: 0}
    - target: {fileID: 1185959128344102, guid: 1d226d592e8fe3343a51bac76e8da6bb, type: 2}
      propertyPath: m_Name
      value: Snowman (6)
      objectReference: {fileID: 0}
    m_RemovedComponents: []
  m_ParentPrefab: {fileID: 100100000, guid: 1d226d592e8fe3343a51bac76e8da6bb, type: 2}
  m_IsPrefabParent: 0
--- !u!4 &1857857340 stripped
Transform:
  m_PrefabParentObject: {fileID: 4653694232920410, guid: 1d226d592e8fe3343a51bac76e8da6bb,
    type: 2}
  m_PrefabInternal: {fileID: 1857857339}
--- !u!1 &1915199597
GameObject:
  m_ObjectHideFlags: 0
  m_PrefabParentObject: {fileID: 0}
  m_PrefabInternal: {fileID: 0}
  serializedVersion: 5
  m_Component:
  - component: {fileID: 1915199598}
  - component: {fileID: 1915199601}
  - component: {fileID: 1915199600}
  - component: {fileID: 1915199599}
  m_Layer: 0
  m_Name: EastWall
  m_TagString: Untagged
  m_Icon: {fileID: 0}
  m_NavMeshLayer: 0
  m_StaticEditorFlags: 0
  m_IsActive: 1
--- !u!4 &1915199598
Transform:
  m_ObjectHideFlags: 0
  m_PrefabParentObject: {fileID: 0}
  m_PrefabInternal: {fileID: 0}
  m_GameObject: {fileID: 1915199597}
  m_LocalRotation: {x: -0, y: -0, z: -0, w: 1}
  m_LocalPosition: {x: 10, y: 0, z: 0}
  m_LocalScale: {x: 0.5, y: 2, z: 20.5}
  m_Children: []
  m_Father: {fileID: 1540802826}
  m_RootOrder: 1
  m_LocalEulerAnglesHint: {x: 0, y: 0, z: 0}
--- !u!23 &1915199599
MeshRenderer:
  m_ObjectHideFlags: 0
  m_PrefabParentObject: {fileID: 0}
  m_PrefabInternal: {fileID: 0}
  m_GameObject: {fileID: 1915199597}
  m_Enabled: 1
  m_CastShadows: 1
  m_ReceiveShadows: 1
  m_MotionVectors: 1
  m_LightProbeUsage: 1
  m_ReflectionProbeUsage: 1
  m_Materials:
  - {fileID: 10303, guid: 0000000000000000f000000000000000, type: 0}
  m_StaticBatchInfo:
    firstSubMesh: 0
    subMeshCount: 0
  m_StaticBatchRoot: {fileID: 0}
  m_ProbeAnchor: {fileID: 0}
  m_LightProbeVolumeOverride: {fileID: 0}
  m_ScaleInLightmap: 1
  m_PreserveUVs: 1
  m_IgnoreNormalsForChartDetection: 0
  m_ImportantGI: 0
  m_SelectedEditorRenderState: 3
  m_MinimumChartSize: 4
  m_AutoUVMaxDistance: 0.5
  m_AutoUVMaxAngle: 89
  m_LightmapParameters: {fileID: 0}
  m_SortingLayerID: 0
  m_SortingLayer: 0
  m_SortingOrder: 0
--- !u!65 &1915199600
BoxCollider:
  m_ObjectHideFlags: 0
  m_PrefabParentObject: {fileID: 0}
  m_PrefabInternal: {fileID: 0}
  m_GameObject: {fileID: 1915199597}
  m_Material: {fileID: 0}
  m_IsTrigger: 0
  m_Enabled: 1
  serializedVersion: 2
  m_Size: {x: 1, y: 1, z: 1}
  m_Center: {x: 0, y: 0, z: 0}
--- !u!33 &1915199601
MeshFilter:
  m_ObjectHideFlags: 0
  m_PrefabParentObject: {fileID: 0}
  m_PrefabInternal: {fileID: 0}
  m_GameObject: {fileID: 1915199597}
  m_Mesh: {fileID: 10202, guid: 0000000000000000e000000000000000, type: 0}
--- !u!1 &2037438211
GameObject:
  m_ObjectHideFlags: 0
  m_PrefabParentObject: {fileID: 0}
  m_PrefabInternal: {fileID: 0}
  serializedVersion: 5
  m_Component:
  - component: {fileID: 2037438214}
  - component: {fileID: 2037438213}
  - component: {fileID: 2037438212}
  m_Layer: 0
  m_Name: EventSystem
  m_TagString: Untagged
  m_Icon: {fileID: 0}
  m_NavMeshLayer: 0
  m_StaticEditorFlags: 0
  m_IsActive: 1
--- !u!114 &2037438212
MonoBehaviour:
  m_ObjectHideFlags: 0
  m_PrefabParentObject: {fileID: 0}
  m_PrefabInternal: {fileID: 0}
  m_GameObject: {fileID: 2037438211}
  m_Enabled: 1
  m_EditorHideFlags: 0
  m_Script: {fileID: 1077351063, guid: f70555f144d8491a825f0804e09c671c, type: 3}
  m_Name: 
  m_EditorClassIdentifier: 
  m_HorizontalAxis: Horizontal
  m_VerticalAxis: Vertical
  m_SubmitButton: Submit
  m_CancelButton: Cancel
  m_InputActionsPerSecond: 10
  m_RepeatDelay: 0.5
  m_ForceModuleActive: 0
--- !u!114 &2037438213
MonoBehaviour:
  m_ObjectHideFlags: 0
  m_PrefabParentObject: {fileID: 0}
  m_PrefabInternal: {fileID: 0}
  m_GameObject: {fileID: 2037438211}
  m_Enabled: 1
  m_EditorHideFlags: 0
  m_Script: {fileID: -619905303, guid: f70555f144d8491a825f0804e09c671c, type: 3}
  m_Name: 
  m_EditorClassIdentifier: 
  m_FirstSelected: {fileID: 0}
  m_sendNavigationEvents: 1
  m_DragThreshold: 5
--- !u!4 &2037438214
Transform:
  m_ObjectHideFlags: 0
  m_PrefabParentObject: {fileID: 0}
  m_PrefabInternal: {fileID: 0}
  m_GameObject: {fileID: 2037438211}
  m_LocalRotation: {x: 0, y: 0, z: 0, w: 1}
  m_LocalPosition: {x: 0, y: 0, z: 0}
  m_LocalScale: {x: 1, y: 1, z: 1}
  m_Children: []
  m_Father: {fileID: 0}
  m_RootOrder: 7
  m_LocalEulerAnglesHint: {x: 0, y: 0, z: 0}
--- !u!1001 &2059186867
Prefab:
  m_ObjectHideFlags: 0
  serializedVersion: 2
  m_Modification:
    m_TransformParent: {fileID: 1765598651}
    m_Modifications:
    - target: {fileID: 4259776537469576, guid: 899057c0eed3058408c14a590671bacf, type: 2}
      propertyPath: m_LocalPosition.x
      value: 7.65
      objectReference: {fileID: 0}
    - target: {fileID: 4259776537469576, guid: 899057c0eed3058408c14a590671bacf, type: 2}
      propertyPath: m_LocalPosition.y
      value: 0.5
      objectReference: {fileID: 0}
    - target: {fileID: 4259776537469576, guid: 899057c0eed3058408c14a590671bacf, type: 2}
      propertyPath: m_LocalPosition.z
      value: -1.48
      objectReference: {fileID: 0}
    - target: {fileID: 4259776537469576, guid: 899057c0eed3058408c14a590671bacf, type: 2}
      propertyPath: m_LocalRotation.x
      value: 0.46193978
      objectReference: {fileID: 0}
    - target: {fileID: 4259776537469576, guid: 899057c0eed3058408c14a590671bacf, type: 2}
      propertyPath: m_LocalRotation.y
      value: 0.19134173
      objectReference: {fileID: 0}
    - target: {fileID: 4259776537469576, guid: 899057c0eed3058408c14a590671bacf, type: 2}
      propertyPath: m_LocalRotation.z
      value: 0.19134173
      objectReference: {fileID: 0}
    - target: {fileID: 4259776537469576, guid: 899057c0eed3058408c14a590671bacf, type: 2}
      propertyPath: m_LocalRotation.w
      value: 0.84462327
      objectReference: {fileID: 0}
    - target: {fileID: 4259776537469576, guid: 899057c0eed3058408c14a590671bacf, type: 2}
      propertyPath: m_RootOrder
      value: 3
      objectReference: {fileID: 0}
    - target: {fileID: 4259776537469576, guid: 899057c0eed3058408c14a590671bacf, type: 2}
      propertyPath: m_LocalScale.y
      value: 0.50000006
      objectReference: {fileID: 0}
    - target: {fileID: 4259776537469576, guid: 899057c0eed3058408c14a590671bacf, type: 2}
      propertyPath: m_LocalScale.z
      value: 0.50000024
      objectReference: {fileID: 0}
    - target: {fileID: 1429795286357408, guid: 899057c0eed3058408c14a590671bacf, type: 2}
      propertyPath: m_Name
      value: PickUp (3)
      objectReference: {fileID: 0}
    m_RemovedComponents: []
  m_ParentPrefab: {fileID: 100100000, guid: 899057c0eed3058408c14a590671bacf, type: 2}
  m_IsPrefabParent: 0
--- !u!4 &2059186868 stripped
Transform:
  m_PrefabParentObject: {fileID: 4259776537469576, guid: 899057c0eed3058408c14a590671bacf,
    type: 2}
  m_PrefabInternal: {fileID: 2059186867}
--- !u!1001 &2127188578
Prefab:
  m_ObjectHideFlags: 0
  serializedVersion: 2
  m_Modification:
    m_TransformParent: {fileID: 1765598651}
    m_Modifications:
    - target: {fileID: 4259776537469576, guid: 899057c0eed3058408c14a590671bacf, type: 2}
      propertyPath: m_LocalPosition.x
      value: -1.99
      objectReference: {fileID: 0}
    - target: {fileID: 4259776537469576, guid: 899057c0eed3058408c14a590671bacf, type: 2}
      propertyPath: m_LocalPosition.y
      value: 0.5
      objectReference: {fileID: 0}
    - target: {fileID: 4259776537469576, guid: 899057c0eed3058408c14a590671bacf, type: 2}
      propertyPath: m_LocalPosition.z
      value: 2.98
      objectReference: {fileID: 0}
    - target: {fileID: 4259776537469576, guid: 899057c0eed3058408c14a590671bacf, type: 2}
      propertyPath: m_LocalRotation.x
      value: 0.46193978
      objectReference: {fileID: 0}
    - target: {fileID: 4259776537469576, guid: 899057c0eed3058408c14a590671bacf, type: 2}
      propertyPath: m_LocalRotation.y
      value: 0.19134173
      objectReference: {fileID: 0}
    - target: {fileID: 4259776537469576, guid: 899057c0eed3058408c14a590671bacf, type: 2}
      propertyPath: m_LocalRotation.z
      value: 0.19134173
      objectReference: {fileID: 0}
    - target: {fileID: 4259776537469576, guid: 899057c0eed3058408c14a590671bacf, type: 2}
      propertyPath: m_LocalRotation.w
      value: 0.84462327
      objectReference: {fileID: 0}
    - target: {fileID: 4259776537469576, guid: 899057c0eed3058408c14a590671bacf, type: 2}
      propertyPath: m_RootOrder
      value: 0
      objectReference: {fileID: 0}
    m_RemovedComponents: []
  m_ParentPrefab: {fileID: 100100000, guid: 899057c0eed3058408c14a590671bacf, type: 2}
  m_IsPrefabParent: 0
--- !u!1 &2128195769
GameObject:
  m_ObjectHideFlags: 0
  m_PrefabParentObject: {fileID: 0}
  m_PrefabInternal: {fileID: 0}
  serializedVersion: 5
  m_Component:
  - component: {fileID: 2128195770}
  - component: {fileID: 2128195772}
  - component: {fileID: 2128195771}
  m_Layer: 5
  m_Name: Count Text
  m_TagString: Untagged
  m_Icon: {fileID: 0}
  m_NavMeshLayer: 0
  m_StaticEditorFlags: 0
  m_IsActive: 1
--- !u!224 &2128195770
RectTransform:
  m_ObjectHideFlags: 0
  m_PrefabParentObject: {fileID: 0}
  m_PrefabInternal: {fileID: 0}
  m_GameObject: {fileID: 2128195769}
  m_LocalRotation: {x: 0, y: 0, z: 0, w: 1}
  m_LocalPosition: {x: 0, y: 0, z: 0}
  m_LocalScale: {x: 1, y: 1, z: 1}
  m_Children: []
  m_Father: {fileID: 1271395949}
  m_RootOrder: 0
  m_LocalEulerAnglesHint: {x: 0, y: 0, z: 0}
  m_AnchorMin: {x: 0, y: 1}
  m_AnchorMax: {x: 0, y: 1}
  m_AnchoredPosition: {x: 10, y: -10}
  m_SizeDelta: {x: 160, y: 30}
  m_Pivot: {x: 0, y: 1}
--- !u!114 &2128195771
MonoBehaviour:
  m_ObjectHideFlags: 0
  m_PrefabParentObject: {fileID: 0}
  m_PrefabInternal: {fileID: 0}
  m_GameObject: {fileID: 2128195769}
  m_Enabled: 1
  m_EditorHideFlags: 0
  m_Script: {fileID: 708705254, guid: f70555f144d8491a825f0804e09c671c, type: 3}
  m_Name: 
  m_EditorClassIdentifier: 
  m_Material: {fileID: 0}
  m_Color: {r: 1, g: 1, b: 1, a: 1}
  m_RaycastTarget: 1
  m_OnCullStateChanged:
    m_PersistentCalls:
      m_Calls: []
    m_TypeName: UnityEngine.UI.MaskableGraphic+CullStateChangedEvent, UnityEngine.UI,
      Version=1.0.0.0, Culture=neutral, PublicKeyToken=null
  m_FontData:
    m_Font: {fileID: 10102, guid: 0000000000000000e000000000000000, type: 0}
    m_FontSize: 14
    m_FontStyle: 0
    m_BestFit: 0
    m_MinSize: 10
    m_MaxSize: 40
    m_Alignment: 0
    m_AlignByGeometry: 0
    m_RichText: 1
    m_HorizontalOverflow: 0
    m_VerticalOverflow: 0
    m_LineSpacing: 1
  m_Text: Count Text
--- !u!222 &2128195772
CanvasRenderer:
  m_ObjectHideFlags: 0
  m_PrefabParentObject: {fileID: 0}
  m_PrefabInternal: {fileID: 0}
  m_GameObject: {fileID: 2128195769}
--- !u!1001 &2146879806
Prefab:
  m_ObjectHideFlags: 0
  serializedVersion: 2
  m_Modification:
    m_TransformParent: {fileID: 1765598651}
    m_Modifications:
    - target: {fileID: 4259776537469576, guid: 899057c0eed3058408c14a590671bacf, type: 2}
      propertyPath: m_LocalPosition.x
      value: -3.85
      objectReference: {fileID: 0}
    - target: {fileID: 4259776537469576, guid: 899057c0eed3058408c14a590671bacf, type: 2}
      propertyPath: m_LocalPosition.y
      value: 0.5
      objectReference: {fileID: 0}
    - target: {fileID: 4259776537469576, guid: 899057c0eed3058408c14a590671bacf, type: 2}
      propertyPath: m_LocalPosition.z
      value: -6.92
      objectReference: {fileID: 0}
    - target: {fileID: 4259776537469576, guid: 899057c0eed3058408c14a590671bacf, type: 2}
      propertyPath: m_LocalRotation.x
      value: 0.46193978
      objectReference: {fileID: 0}
    - target: {fileID: 4259776537469576, guid: 899057c0eed3058408c14a590671bacf, type: 2}
      propertyPath: m_LocalRotation.y
      value: 0.19134173
      objectReference: {fileID: 0}
    - target: {fileID: 4259776537469576, guid: 899057c0eed3058408c14a590671bacf, type: 2}
      propertyPath: m_LocalRotation.z
      value: 0.19134173
      objectReference: {fileID: 0}
    - target: {fileID: 4259776537469576, guid: 899057c0eed3058408c14a590671bacf, type: 2}
      propertyPath: m_LocalRotation.w
      value: 0.84462327
      objectReference: {fileID: 0}
    - target: {fileID: 4259776537469576, guid: 899057c0eed3058408c14a590671bacf, type: 2}
      propertyPath: m_RootOrder
      value: 8
      objectReference: {fileID: 0}
    - target: {fileID: 4259776537469576, guid: 899057c0eed3058408c14a590671bacf, type: 2}
      propertyPath: m_LocalScale.y
      value: 0.50000006
      objectReference: {fileID: 0}
    - target: {fileID: 4259776537469576, guid: 899057c0eed3058408c14a590671bacf, type: 2}
      propertyPath: m_LocalScale.z
      value: 0.50000024
      objectReference: {fileID: 0}
    - target: {fileID: 1429795286357408, guid: 899057c0eed3058408c14a590671bacf, type: 2}
      propertyPath: m_Name
      value: PickUp (8)
      objectReference: {fileID: 0}
    m_RemovedComponents: []
  m_ParentPrefab: {fileID: 100100000, guid: 899057c0eed3058408c14a590671bacf, type: 2}
  m_IsPrefabParent: 0
--- !u!4 &2146879807 stripped
Transform:
  m_PrefabParentObject: {fileID: 4259776537469576, guid: 899057c0eed3058408c14a590671bacf,
    type: 2}
  m_PrefabInternal: {fileID: 2146879806}
